1801 2720
1392 95 1500 127 XXXI

210 193 281 230 His
318 190 493 240 exemplis
531 192 670 239 quanta
700 190 781 227 fieri
810 188 936 238 potuit
966 191 1160 238 diligentia
1197 190 1345 227 collatis
1383 197 1501 238 pauca

92 251 267 304 quaedam
291 250 428 288 afluere
451 250 491 286 in
516 249 636 286 animo
662 252 728 293 est,
756 260 826 298 quo
843 248 992 286 facilius
1017 248 1203 298 appareat,
1232 248 1327 297 quod
1353 248 1404 285 sit
1430 247 1501 284 dis·

92 307 226 350 crimen
251 310 330 346 eius
355 308 528 356 loquendi
552 305 708 345 rationis
738 308 834 353 inter
857 307 1012 344 Iliadem
1038 306 1308 357 Odysseamque
1337 311 1375 344 et
1403 307 1501 343 inter

91 367 210 408 oeffira
235 359 397 405 earmina
421 366 533 415 epi‘oa,
561 366 642 403 dico
666 370 836 415 poemata
861 379 954 416 quae
979 365 1131 404 Hesiodi
1155 366 1300 404 nomine
1325 367 1498 403 feruntur

91 432 129 467 et
157 428 311 477 hymnos
341 424 562 463 Homericos.
613 424 672 462 Ac
701 426 859 474 primum
889 426 954 463 hoe
984 427 1090 464 nobis
1115 426 1176 463 vel
1208 425 1364 462 maxime
1394 428 1496 462 nota—

91 488 164 526 bile
201 496 278 523 esse
308 483 467 527 videtur,
506 488 584 521 tam
614 484 722 520 valde
752 488 829 521 esse
859 484 899 521 in
927 484 987 521 his
1018 485 1238 521 carminibus
1275 484 1501 521 deminutum

91 542 278 585 numerum
304 547 427 580 eorum
452 543 623 588 locorum,
660 542 791 591 quibus
816 543 942 580 tmesis
975 543 1173 581 invenitur.
1225 542 1392 591 Namque
1418 555 1498 579 cum

92 606 130 641 in
160 602 278 639 Iliade
309 605 347 638 et
377 601 542 650 Odyssea
572 600 673 637 mille
705 602 963 649 quadringenti
1003 601 1270 650 quinquaginta
1303 602 1380 638 fere
1421 601 1500 637 eius

93 658 190 701 modi
215 662 291 699 sint
315 661 397 705 loci,
424 661 463 697 in
489 660 620 698 ceteris
638 656 860 698 cai-'minibus
877 660 942 696 vix
959 663 1103 697 eentum
1120 660 1323 707 nonaginta
1340 663 1498 702 exstant,

92 727 136 760 ut
163 721 246 758 illio*
271 720 311 757 in
342 715 531 757 undecimo
554 731 702 768 ¹quoque
732 731 843 757 versu
872 719 999 757 tmesis
1048 723 1226 763 recurrat,
1259 731 1340 756 cum
1369 719 1429 756 hic
1460 719 1500 754 in

93 780 393 818 duodetricesimo
424 785 565 827 quoque
596 779 714 828 possis
745 777 889 816 deinum
921 791 1000 816 eam
1031 778 1308 827 deprehendere.
1360 777 1501 822 Quodsi

91 840 214 877 tmesis
246 842 359 887 prout
399 834 529 885 poetae
554 838 700 875 luberet
725 842 820 875 esset
845 838 1023 880 adhibita,
1058 851 1122 875 cur
1146 849 1317 877 numerus
1342 838 1504 874 locorum

93 900 185 934 tam·
206 892 315 933 valde
346 896 441 932 esset
469 893 703 932 deminutus?
747 895 823 932 Cur
852 909 924 934 non
960 897 1071 933 ceteri
1097 900 1226 944 poetae
1251 896 1345 943 epici
1369 895 1506 932 totiens

95 960 172 993 eam
203 953 446 997 admisissent,
461 952 465 971 ·’
480 955 648 1002 quotiens
680 950 759 991 eam
790 954 940 991 admisit
966 954 1156 997 Homerus,
1184 953 1398 1001 praesertim
1425 966 1505 989 cum

94 1015 131 1050 in
157 1013 279 1050 eodem
293 1025 296 1027 “
303 1016 451 1061 poeseos
476 1025 607 1060 genere
632 1009 868 1049 versarentur
894 1015 1003 1060 atque
1020 1024 1094 1048 non
1118 1011 1214 1047 nihil
1239 1023 1282 1048 ea
1298 1023 1338 1047 re
1365 1011 1402 1047 in
1427 1022 1505 1046 ver-

94 1073 192 1109 sibus
217 1066 421 1120 pangendis
446 1074 566 1108 essent
591 1071 734 1108 adiuti?
774 1070 892 1116 Quam
916 1068 1026 1112 facile
1051 1071 1157 1114 enim,
1184 1074 1228 1106 ut
1253 1083 1366 1106 unum
1391 1074 1505 1106 exem-

93 1131 193 1179 plum
218 1140 238 1167 e
254 1129 383 1167 multis
407 1130 600 1178 proferam,
628 1130 752 1178 potuit
776 1131 964 1174 Homerus,
975 1129 1092 1166 dicere
1111 1132 1143 1164 Σ
1153 1132 1226 1167 574
1242 1129 1338 1176 ἀμφὶ
1358 1128 1398 1164 δὲ
1422 1142 1504 1164 κυα-

94 1188 171 1238 νέην
200 1189 362 1225 κάπετον
394 1188 480 1237 περὶ
512 1185 544 1224 δ’
565 1187 676 1237 μἕρκος
701 1188 871 1226 ἔλασσεν]
908 1202 1014 1237 quam
1042 1189 1150 1225 facile
1175 1192 1328 1237 possunt
1353 1189 1501 1236 iniungi

92 1250 213 1287 versui
223 1244 415 1298 'dactylico
434 1249 609 1286 adverbia
626 1250 728 1286 haec:
749 1249 856 1296 ἀμφί,
877 1249 955 1295 ἀνά,
985 1250 1082 1297 περί,
1109 1249 1204 1285 κατά
1222 1248 1381 1297 reliqua!
1410 1248 1502 1293 Quis

93 1308 210 1354 igitur
233 1308 292 1344 his
317 1310 425 1344 rebus
452 1308 690 1344 consideratis
716 1320 794 1344 eam
819 1308 990 1355 loquendi
1015 1309 1194 1344 rationem
1218 1320 1290 1344 non
1316 1308 1439 1354 magis
1464 1308 1503 1343 in

93 1366 197 1414 vulgi
231 1378 301 1402 usu
332 1378 440 1414 quam
470 1366 509 1402 in
540 1370 742 1415 poetarum⁴
757 1366 908 1403 licentia
933 1378 1010 1403 esse
1036 1366 1194 1415 positam
1218 1366 1391 1414 putabit?
1433 1365 1504 1403 Sed

94 1425 279 1461 videamus
305 1434 446 1472 quoque
477 1437 653 1472 quaenam
678 1425 729 1461 sit
754 1431 876 1461 eorum
906 1426 1067 1461 locorum
1101 1428 1236 1461 natura
1261 1429 1371 1473 atque
1396 1425 1502 1461 ratio.

206 1482 296 1518 Inde
326 1483 422 1519 enim
460 1482 596 1519 clarius
625 1483 783 1531 patebit,
823 1483 969 1520 tantum
1002 1484 1136 1528 abesse,
1178 1487 1222 1519 ut
1260 1483 1304 1520 de
1346 1483 1504 1530 genuina

96 1545 279 1589 tamquam
309 1541 377 1578 illa
409 1541 580 1589 loquendi
611 1541 763 1584 ratione,
796 1545 840 1578 ex
871 1541 997 1578 vivido
1023 1542 1104 1579 dico
1130 1542 1237 1590 vulgi
1261 1555 1331 1579 usu
1356 1542 1502 1585 fluente,

94 1599 131 1634 in
155 1599 233 1636 illis
258 1600 479 1636 carminibus
505 1600 617 1647 epicis
642 1600 760 1647 possit
785 1600 953 1646 cogitari,
981 1604 1025 1636 ut
1051 1600 1171 1636 omnia
1196 1600 1255 1636 hic
1272 1600 1311 1635 in
1331 1600 1409 1636 sola
1426 1601 1504 1636 fere

94 1656 223 1694 Iliadis
261 1661 298 1695 et
329 1658 515 1707 Odysseae
546 1658 752 1695 imitatione
783 1670 859 1696 esse
897 1658 1018 1707 posita
1056 1671 1269 1707 persuasum
1308 1659 1504 1696 habeamus

95 1728 235 1754 neeesse
261 1718 320 1754 sit.

209 1776 430 1815 Huiusmodi
455 1778 549 1816 enim
569 1781 657 1815 sunt
673 1777 701 1814 ii
719 1777 801 1821 loci,
829 1781 872 1815 ut
889 1781 956 1814 aut
972 1777 1126 1815 totidem
1143 1778 1266 1815 'verbis
1284 1790 1328 1815 ex
1347 1778 1503 1814 Homero

96 1836 267 1874 translati
282 1838 359 1875 sint
375 1860 422 1864 —
441 1850 593 1886 namque
611 1838 723 1875 etiam
740 1850 800 1874 eos
816 1838 924 1881 locos,
944 1838 1006 1885 qui
1022 1837 1262 1873 formularum
1279 1838 1504 1885 quarundam

95 1893 228 1931 habent
245 1895 322 1931 vim
339 1897 402 1942 (of.
422 1909 456 1945 p.
477 1898 584 1945 3sq.),
613 1906 657 1933 ex
673 1895 792 1933 Iliade
809 1896 1043 1945 Odysseaque
1057 1908 1079 1931 a
1092 1892 1210 1944 poetis
1227 1899 1390 1944 'sumptos
1416 1908 1501 1939 esse,

95 1964 137 1987 ex
155 1953 240 1991 aliis
257 1967 347 2003 quos
364 1955 502 2003 imitati
521 1957 609 1992 sunt
632 1955 723 1992 locis
739 1954 974 1992 manifestum
999 1958 1056 1992 est
1073 1968 1121 1981 -‘-
1139 1958 1182 1991 ut
1207 1954 1297 1991 fere:
1329 1954 1364 1991 h.
1391 1955 1500 2003 Apol.

97 2012 178 2054 261,
205 2014 288 2055 505,
316 2016 400 2066 507,
428 2017 517 2060 513;
544 2006 651 2051 h.V1
669 2016 702 2057 6,
722 2006 859 2061 The'og.
879 2009 937 2058 59,
965 2014 1077 2060 Ἀγών
1094 2016 1177 2057 280,
1204 2013 1351 2061 Fragm.
1371 2015 1450 2056 156,
1467 2017 1499 2057 3,

94 2072 159 2105 aut
195 2071 387 2119 paululum
418 2075 564 2110 tantum
600 2072 804 2110 immutatis
835 2073 967 2116 verbis,
999 2076 1058 2110 ut:
1098 2072 1132 2109 h.
1160 2072 1269 2120 Apol.
1297 2073 1380 2115 461,
1413 2074 1500 2119 4993

96 2126 185 2165 Ven.
208 2128 288 2176 144,
318 2128 404 2179 176;
433 2132 616 2179 θοι-(177,
643 2129 779 2180 Theog.
799 2135 858 2177 58,
887 2134 970 2177 606,
998 2133 1098 2169 Scut.
1118 2134 1201 2174 419,
1230 2131 1296 2179 Op.
1321 2135 1359 2167 et
1381 2131 1414 2168 d.
1440 2135 1499 2174 59,

96 2186 203 2231 Ἀγών
229 2182 291 2236 79;
319 2191 477 2227 maxima
502 2194 625 2228 autem
643 2204 766 2228 eorum
792 2204 878 2239 pars
896 2191 1075 2228 eiusmodi
1092 2195 1158 2233 est,
1185 2194 1230 2227 ut
1252 2190 1299 2227 ad
1317 2191 1504 2239 exemplar

95 2241 222 2282 Iliadis
258 2252 327 2285 aut
358 2248 542 2298 Odysseae
572 2249 717 2286 reddita
748 2263 825 2287 esse
856 2249 1037 2293 videatur,
1078 2248 1172 2296 quod
1210 2248 1380 2297 plurimis
1411 2249 1502 2286 locis

96 2305 268 2352 exemplis
293 2311 353 2344 sat
378 2308 506 2344 multis
532 2309 782 2356 comprobasse
807 2309 897 2345 mihi
923 2309 1059 2345 videor.
1105 2308 1158 2344 Et
1182 2308 1334 2345 fuerunt
1360 2309 1503 2357 quidem

95 2379 139 2385 —
166 2364 260 2409 quod
285 2366 422 2402 nemini
447 2367 579 2402 mirum
606 2366 793 2404 videbitur
818 2389 865 2394 ——
891 2367 998 2415 pauci
1023 2367 1104 2410 loci,
1132 2370 1190 2403 ut:
1218 2368 1252 2404 h.
1280 2367 1390 2416 Apol.
1419 2371 1500 2412 352,

95 2417 231 2469 Theog,
245 2425 327 2469 607,
349 2424 448 2462 Scut.
464 2428 545 2471 317,
563 2426 698 2474 Theog.
717 2429 798 2471 706,
814 2427 848 2464 h.
863 2426 996 2473 XIV3,
1011 2426 1120 2464 Mero.
1133 2430 1215 2470 273,
1231 2427 1360 2476 Epigr.
1374 2431 1428 2474 14,
1446 2433 1501 2466 11.

95 2477 154 2523 qui
179 2481 225 2516 ad
252 2483 395 2519 nullum
422 2488 560 2521 certum
587 2486 773 2533 exemplar
789 2486 940 2522 Homeri
966 2486 1097 2523 referri
1122 2491 1338 2535 potuerunt3
1367 2489 1428 2525 sed
1446 2489 1503 2524 his
