1801 2720
365 173 398 204 Y
423 172 493 208 168
520 170 607 217 περί
635 166 664 205 τ’
682 170 798 217 ἀφρὸς
824 169 974 213 ὀδόντας
999 169 1168 217 γίγνεται.

358 228 498 265 Nullus
524 233 580 265 est
605 228 665 265 hic
690 229 817 266 tmesis
843 229 960 275 locus3
997 229 1073 266 alia
1097 232 1154 266 est
1179 229 1275 266 enim
1311 229 1413 265 notio
1439 231 1551 276 atque
1576 241 1658 266 con-

242 287 397 323 structio
424 284 616 335 compositi
641 291 754 334 atque
778 288 883 324 verbi
912 300 991 324 cum
1018 287 1190 325 adverbio
1218 287 1422 334 coniuncti;
1455 279 1501 324 cf.
1527 289 1564 322 Ψ
1585 289 1657 325 318

240 346 289 394 μή
328 359 363 381 τι
404 345 543 394 ἡνίοχος
578 344 825 394 περιγίγνεται
859 346 1031 395 ἡνιόχοιο,
1069 350 1100 383 θ
1128 349 1196 384 102
1237 343 1345 382 ὅσσον
1383 342 1657 394 περιγιγνόμεθ’

242 404 361 441 ἄλλων
398 405 471 448 πύξ
495 419 534 441 τε
561 406 843 454 παλαισμοσύνῃ
869 418 927 451 τε,
965 408 995 441 θ
1021 409 1093 443 252
1119 405 1227 442 ὅσσον
1253 401 1523 453 περιγιγνόμεθ’
1540 404 1660 441 ἄλλων

245 463 419 511 ναυτιλίῃ.
445 464 517 500 Est
543 476 629 501 sane
656 464 743 511 περί
768 464 983 501 adverbium
1009 463 1290 512 praepositionis
1314 463 1353 499 vi
1379 463 1595 512 praeditum.-

362 536 390 557 ω
420 525 462 559 11
492 523 571 569 πὰρ
597 518 627 558 δ’
644 520 727 558 ἴσαν
752 522 917 559 Ωκεανοῦ
942 536 980 559 τε
1005 523 1093 571 ῥοάς
1108 553 1115 559 .
1134 552 1140 559 .
1158 553 1165 561 .
1182 552 1189 559 .
1229 524 1478 572 Compositum
1504 524 1654 559 verbum

244 581 385 617 duobus
412 585 534 617 exstat
559 582 667 624 locis,
696 582 829 628 quibus
854 578 1093 617 intransitive
1118 586 1175 618 est
1200 585 1435 629 usurpatum3
1469 581 1514 617 cf.
1534 581 1556 616 δ
1582 583 1653 618 527

243 639 293 686 μή
320 637 469 674 {Maon
498 640 642 686 παριών
676 643 714 675 et
740 653 760 686 ρ
786 642 857 675 233
885 639 948 675 καὶ
976 642 1121 685 παριὼν
1147 639 1294 686 ἔνθορεν
1317 639 1516 687 ἀφραδίῃσι
1542 637 1657 686 ἰσχίῳ.

245 697 297 733 Et
339 699 384 734 ob
427 710 504 734 eam
547 698 708 735 notionis
750 698 1085 735 dissimilitudinem
1123 702 1161 735 et
1202 703 1353 746 propter
1388 699 1540 734 voculae
1582 698 1660 745 πάρ
1721 738 1727 747 .

245 756 517 793 collocationem
553 757 678 804 potius
712 757 756 793 de
791 757 964 793 adverbio
999 757 1281 805 praepositionis
1307 757 1344 792 vi
1371 757 1538 805 praedito
1565 756 1659 804 cogi-

246 815 416 852 tabimus.

366 874 565 911 Veniamus
615 875 769 922 denique
820 876 867 911 ad
918 876 1070 912 tertium
1112 876 1271 912 locorum
1323 888 1454 922 genus,
1507 887 1660 922 quorum

246 933 312 968 hoc
339 938 394 969 est
420 933 628 981 proprium,
665 939 709 969 ut
743 935 853 970 verbo
887 947 967 970 cum
1001 934 1174 971 adverbio
1213 934 1405 970 coniuncto
1439 946 1504 970 nec
1530 933 1661 970 similis

247 992 425 1040 simplicis
470 993 575 1030 verbi
621 993 758 1029 locutio
797 993 914 1040 possit
952 993 1109 1030 conferri
1151 1006 1215 1030 nec
1258 993 1463 1041 quodquam
1505 992 1661 1029 nominis

247 1051 541 1099 supplementum
577 1052 750 1088 adverbio
785 1052 953 1088 additum
987 1052 1212 1098 inveniatur;
1246 1052 1370 1099 itaque
1406 1051 1532 1099 paucis
1571 1052 1660 1088 locis

250 1110 410 1158 exceptis
437 1110 481 1147 de
507 1110 586 1146 sola
611 1111 771 1147 notionis
798 1110 1100 1146 dissimilitudine
1126 1111 1198 1147 erit
1223 1110 1423 1147 dicendum.

366 1169 387 1203 δ
414 1171 485 1206 258
513 1171 606 1204 κατὰ
633 1169 673 1205 δὲ
698 1169 823 1216 φρόνιν
849 1169 955 1217 ἤγαγε
974 1169 1122 1218 πολλήν.
1152 1169 1240 1206 Alia
1267 1173 1324 1206 est
1341 1169 1442 1206 notio
1460 1169 1565 1206 verbi
1581 1169 1660 1205 loco

251 1227 457 1275 adscripto,
493 1228 568 1264 alia
595 1228 805 1276 compositi;
840 1232 947 1265 sonat
973 1230 1067 1266 enim
1094 1230 1160 1266 hoc
1186 1230 1359 1277 primum:
1387 1229 1581 1272 deducere,
1617 1232 1661 1265 ut

249 1288 280 1321 E
303 1289 368 1331 26,
410 1290 444 1321 Φ
470 1290 516 1324 32
543 1287 689 1328 ἵπποι-ς
715 1288 781 1323 ἐπὶ
808 1294 904 1335 νῆας.
958 1292 992 1323 Ζ
1016 1291 1063 1325 53
1089 1303 1162 1334 μιν,
1198 1303 1217 1323 υ
1246 1291 1314 1325 163
1341 1289 1507 1331 σιάλους,
1544 1288 1565 1323 λ
1592 1289 1662 1324 164

245 1346 352 1392 χρειώ
383 1359 428 1390 με
472 1359 503 1381 κ.
534 1345 587 1387 εἷς
622 1345 755 1382 Ἀίδαο.
795 1360 824 1381 ω
854 1350 924 1384 100
953 1348 1089 1394 ψυχάς,
1127 1361 1147 1382 τ
1176 1350 1245 1385 186
1271 1348 1333 1383 τὸν
1358 1347 1541 1395 Κρήτηνδε
1567 1360 1600 1382 κ.
1625 1344 1662 1388 ἲς

250 1403 408 1448 ἀνέμοιο.
461 1404 602 1440 Deinde
630 1405 666 1440 in
702 1418 833 1451 genere
868 1405 1001 1441 medio:
1046 1418 1091 1441 ex
1129 1405 1205 1441 alto
1243 1406 1280 1441 in
1321 1409 1469 1453 portum
1508 1404 1661 1448 deferor,

249 1462 425 1511 appellor.
454 1464 491 1510 a)
513 1463 557 1499 de
583 1464 741 1500 navibus
767 1477 787 1510 γ
816 1466 896 1507 178,
924 1465 957 1511 b)
980 1465 1025 1500 de
1050 1464 1187 1501 nautis.
1216 1465 1274 1500 Ex
1300 1464 1368 1500 hac
1393 1464 1541 1500 notione
1567 1463 1663 1500 locu-

248 1522 422 1569 tioneque
448 1522 639 1570 compositi
666 1523 756 1559 satis
775 1526 941 1570 apparet,
969 1523 1047 1559 eius
1064 1536 1170 1559 usum
1188 1524 1309 1559 orbem
1326 1527 1514 1570 tamquam
1530 1522 1660 1567 facere,

248 1582 286 1617 in
314 1594 420 1629 quem
446 1594 516 1617 non
536 1582 645 1618 cadat
662 1582 845 1618 sententia
862 1582 965 1618 verbi
983 1595 1023 1618 eo
1042 1583 1130 1627 loco,
1159 1583 1203 1618 de
1220 1594 1291 1630 quo
1309 1582 1453 1629 agitur;
1480 1593 1565 1617 nam
1583 1594 1663 1617 cum

249 1640 359 1676 huius
395 1640 445 1676 sit
479 1640 718 1687 significatio:
753 1653 827 1677 una
861 1653 981 1677 secum
1015 1640 1130 1684 ferre,
1157 1645 1201 1676 ut
1225 1640 1302 1676 fere
1327 1640 1484 1686 legimus
1509 1639 1663 1688 simplex

251 1702 285 1734 A
309 1702 379 1737 278
417 1699 525 1746 νέφος
558 1699 636 1745 ἄγει
673 1700 842 1736 λαίλαπα
879 1699 1026 1748 πολλήν,
1062 1700 1228 1736 inhaeret
1262 1700 1459 1747 composito
1497 1700 1663 1736 omnibus

249 1758 339 1794 locis
370 1758 423 1794 vis
448 1771 515 1806 pro
541 1771 579 1794 se
605 1759 749 1805 agendi,
778 1759 942 1795 ducendi.

370 1819 401 1851 E
424 1820 496 1854 370
521 1817 558 1853 ἐν
584 1817 624 1853 δὲ
649 1817 814 1853 λέπαδνα
840 1814 919 1853 κάλ’
936 1817 1071 1863 ἔβαλεν.

372 1877 406 1910 ,Ω
432 1878 501 1913 787
530 1876 567 1912 ἐν
592 1875 632 1911 δὲ
660 1879 760 1923 πυρῇ
787 1877 911 1924 ὑπάτῃ
938 1877 1059 1923 νεκρὸν
1085 1876 1210 1922 θέσαν,
1238 1876 1275 1911 ἐν
1300 1872 1331 1912 δ’
1348 1876 1477 1921 ἔβαλον
1504 1881 1589 1924 πῦρ.

375 1937 410 1968 Ψ
433 1937 504 1971 352
532 1933 575 1969 ἄν
601 1931 631 1969 δ’
647 1934 732 1980 ἔβαν
759 1934 796 1976 ἐς
822 1935 972 1983 δίφρους
997 1935 1034 1971 ἐν
1060 1935 1099 1970 δὲ
1125 1935 1276 1984 κλήρους
1301 1936 1482 1981 ἐβάλοντο.

367 1994 388 2036 ξ
413 1996 486 2030 519
512 1993 549 2029 ἐν
575 1989 606 2028 δ’
623 1993 709 2028 ὀίων
735 2007 774 2029 τε
799 1993 862 2028 καὶ
889 1993 1000 2040 αἰγῶν
1025 1991 1169 2040 δέρματ’
1186 1994 1343 2040 ἔβαλλεν.

369 2053 440 2089 His
466 2053 557 2088 locis
584 2065 803 2099 quamquam
839 2052 942 2088 verbi
968 2053 1159 2100 compositi
1184 2054 1285 2089 notio
1312 2054 1419 2090 tmesi
1445 2053 1665 2089 statuendae

251 2124 323 2148 non
350 2111 477 2153 officit,
506 2116 546 2148 at
572 2115 694 2148 tamen
721 2111 944 2148 constructio
963 2111 1001 2147 id
1019 2112 1099 2148 fieri
1116 2115 1239 2158 vetat3
1268 2124 1446 2160 nusquam
1464 2111 1559 2149 enim
1575 2124 1665 2148 com-

250 2171 410 2219 positum
437 2174 536 2207 caret
563 2183 602 2206 re
628 2171 770 2207 obiecta
795 2171 834 2206 in
861 2183 947 2207 casu
973 2171 1101 2207 dativo
1126 2171 1247 2219 posita
1273 2172 1398 2219 (semel
1416 2175 1561 2208 tantum
1579 2184 1600 2205 τ
1620 2173 1666 2207 10

251 2229 288 2265 τί
306 2229 343 2265 ἔν
361 2229 459 2277 τινι),
488 2241 590 2277 quae,
619 2242 689 2277 quo
715 2229 766 2265 sit
789 2229 979 2266 referenda
996 2230 1093 2266 actio
1110 2230 1225 2273 verbi,
1243 2230 1402 2277 indicat3
1431 2230 1528 2279 quod
1544 2234 1665 2266 tamen

254 2303 326 2327 non
352 2290 525 2338 congruit
558 2289 734 2338 simplicis
760 2290 913 2336 rationi3
949 2289 1008 2325 hic
1041 2288 1136 2325 enim
1169 2288 1242 2324 iam
1267 2288 1364 2324 illud
1390 2288 1603 2325 adverbium
1629 2288 1667 2324 ἐν

252 2350 305 2386 rei
341 2350 504 2386 obiectae
530 2349 649 2385 locum
676 2349 827 2385 obtinet.
880 2349 981 2385 Haec
1007 2347 1130 2384 eadem
1156 2347 1267 2384 etiam
1294 2347 1337 2384 de
1363 2347 1453 2384 locis
1477 2349 1507 2383 Ο
1532 2349 1605 2384 624
1630 2346 1667 2383 ἐν

251 2407 344 2455 (scil.
365 2406 498 2454 ὁμίλῳ)
529 2402 701 2451 δ’ἔπεσ’,
738 2407 787 2448 ὡς
818 2406 878 2442 ὅτε
909 2410 1006 2451 κῦμα
1036 2407 1111 2454 θοῇ
1143 2406 1179 2441 ἐν
1212 2404 1271 2454 νηὶ
1299 2405 1466 2454 πέσῃσιν.
1521 2408 1555 2440 Φ
1580 2406 1604 2442 9
1629 2404 1667 2441 ἐν

254 2466 445 2513 (ποταμῷ)
475 2461 506 2500 δ’
523 2465 657 2501 ἔπεσον
681 2465 826 2512 μεγάλῳ
853 2467 999 2512 καταγῷ
1026 2465 1159 2501 debent
1183 2465 1325 2511 valere;
1353 2465 1477 2501 eadem
1498 2464 1594 2501 enim
1610 2468 1668 2501 est
