1801 2776
1483 76 1563 108 XIII

151 178 299 227 scriptis
336 178 431 214 iuud
465 177 678 214 adverbium
715 177 794 224 πάρ
827 177 989 214 obiectae
1025 178 1079 214 rei
1117 179 1196 215 vice
1233 174 1340 226 fungi
1377 180 1560 216 videatur.

21 244 23 248 “
84 246 85 249 ’
153 235 291 276 Contra
329 239 364 271 Γ
386 238 475 278 262,
517 238 604 279 312,
644 237 676 270 E
699 237 771 272 365
809 236 964 284 aliisque
1002 231 1173 272 eiusmodi
1210 237 1299 273 locis
1331 250 1440 274 verae
1474 242 1563 274 sunt

151 295 450 345 praepositiones.

270 358 292 390 I
312 356 385 391 470
410 353 588 398 εἰνάνυχες
613 352 653 389 δέ
678 366 742 398 μοι
769 348 858 399 ἀμφ’.
876 351 974 400 αὐτῷ
1002 353 1105 400 παρὰ
1131 354 1260 396 νύκτας
1285 352 1396 398 ἴαυον,

270 413 291 456 ξ
316 416 360 450 21
391 414 469 460 πὰρ
495 411 536 448 δὲ
560 412 664 453 κύνες
689 411 862 460 θήρεσσιν
887 411 1046 453 ἐοικότες
1072 409 1183 448 ἴαυον.

272 471 412 508 Τ1110515
426 484 497 507 11011
512 475 568 508 051
581 471 809 519 accipienda3
828 483 990 508 caremus
1004 471 1100 508 0111111
1112 471 1202 508 10015
1216 472 1410 519 adscriptis
1424 472 1561 514 dativo,

153 529 216 578 qui
242 529 365 566 deesse
401 541 475 565 non
511 533 634 577 potest
670 531 781 567 verbo
820 531 1027 578 composito.
1072 531 1127 567 Cf.
1148 533 1169 565 I
1190 533 1262 568 336
1288 533 1333 578 τῇ
1360 530 1561 578 παριαύων.

270 590 305 622 Φ
330 590 378 624 52
403 588 568 632 κάματος
592 584 623 623 δ’
641 589 715 624 ὑπὸ
742 584 881 635 γούνατ’
898 589 1034 634 ἐδάμνα

266 651 305 682 (1)
330 650 402 684 270
429 648 597 693 ποταμὸς
622 643 654 683 δ
673 648 746 683 ὑπὸ
773 644 913 694 γούνατ’
929 648 1076 693 ἐδάμνα.

267 705 422 743 Obstare
441 706 501 743 hic
514 707 622 743 tmesi
635 706 875 754 accipiendae,
896 719 1005 754 quam
1023 707 1248 744 commendat
1261 706 1300 744 C.
1315 707 1363 744 A.
1379 707 1416 744 J.
1434 707 1562 743 Hoff-

151 778 278 802 mann
297 764 358 813 (οῈ.
378 778 412 813 p.
431 764 502 807 IH,
529 778 564 813 p.
587 764 633 811 1),
662 764 851 812 compositi
870 764 973 801 verbi
990 764 1171 802 diversam
1187 765 1371 802 notionem
1389 786 1437 791 —
1455 769 1563 802 sonat

151 824 245 859 enim
271 823 440 870 subigere
468 823 514 860 cf.
535 836 556 869 y
582 826 664 865 214,
698 837 730 858 π
755 826 802 860 95
831 822 869 870 ἠὲ
894 822 985 859 ἑκὼν
1012 823 1267 868 ὑποδάμνασαι
1301 823 1321 871 ἦ
1347 823 1387 860 σέ
1414 837 1453 870 γε
1478 825 1561 860 λαοὶ

150 879 360 931 ἑχθαίρουσ’
376 904 424 908 -
450 882 521 918 iam
540 881 637 919 vidit
655 882 694 919 C.
713 881 928 930 Capelle,
956 882 1000 919 cf.
1021 882 1180 919 Lexicon
1199 881 1304 919 Hom.
1324 882 1378 919 ed.
1399 882 1562 930 Ebeling

149 943 189 979 in
214 955 302 979 voce
328 943 575 990 ὖποόάμνημι.

265 1000 362 1046 Quid
387 1000 486 1037 inter
510 999 550 1036 ἔκ
576 1013 633 1036 τοι
659 1000 746 1047 ἐρέω
772 1004 810 1036 01
835 999 959 1047 ἐξερέω
985 1000 1150 1044 111101511,
1186 1001 1257 1036 iam
1284 1000 1407 1037 docuit
1433 1001 1561 1038 Ameis

149 1060 187 1096 in
214 1060 411 1108 appendice
436 1060 484 1096 ad
511 1074 543 1095 π
568 1061 651 1097 440.
691 1060 834 1104 Restat,
863 1064 906 1096 ut
932 1058 1096 1096 omnibus
1122 1059 1198 1096 fere
1224 1059 1313 1096 locis
1338 1060 1496 1108 prolatis
1521 1065 1560 1098 et

150 1119 193 1155 de
220 1119 443 1166 quaestionis
473 1119 615 1155 ratione
649 1119 689 1154 in
719 1119 931 1154 universum
965 1131 1082 1166 pauca
1115 1119 1289 1154 addamus
1315 1123 1353 1154 et
1383 1119 1427 1154 de
1453 1121 1560 1154 rebus

151 1178 378 1226 quibusdam,
407 1192 496 1228 quos
521 1179 586 1215 vix
612 1178 730 1215 adhuc
756 1177 961 1225 attigimus,
989 1177 1196 1214 accuratius
1222 1177 1450 1214 disseramus.
1502 1178 1560 1214 Ac

149 1237 306 1284 primum
332 1237 528 1283 omisimus,
556 1241 599 1274 ut
623 1249 692 1285 par
718 1243 808 1279 erat,
836 1249 958 1273 omnes
983 1237 1091 1279 locos,
1120 1237 1251 1284 quibus
1277 1249 1358 1273 011111
1384 1238 1493 1273 verbo
1520 1237 1558 1272 in

149 1297 257 1333 tmesi
291 1309 383 1345 quae
417 1297 554 1335 dicitur
586 1297 706 1345 posito
731 1309 804 1333 non
829 1295 953 1344 potuit
978 1295 1136 1332 conferri
1162 1294 1411 1342 compositum.
1464 1295 1558 1330 Tum

149 1355 309 1402 neglecti
334 1359 421 1391 sunt
438 1356 467 1391 ii
485 1356 565 1398 loci,
593 1356 724 1403 quibus
745 1355 911 1392 adverbii
929 1354 987 1391 vis
1003 1354 1153 1402 propria
1170 1358 1245 1390 tam
1264 1357 1394 1402 aperta
1410 1358 1560 1402 tamque

119 1433 122 1437 ·
150 1413 349 1449 manifesta
373 1417 464 1455 erat,
492 1417 536 1449 ut
561 1414 599 1449 in
626 1414 894 1450 dubitationem
920 1412 1045 1448 vocari
1071 1425 1142 1447 non
1160 1412 1285 1459 possit.
1313 1412 1480 1459 Denique
1499 1425 1559 1448 eos

149 1473 246 1510 locos
277 1485 300 1510 a
334 1473 545 1522 quaestione
580 1474 821 1511 excludendos
855 1472 1091 1520 putabamus,
1126 1471 1259 1520 quibus
1283 1471 1381 1508 inter
1407 1472 1558 1508 verbum

150 1532 388 1579 compositum
426 1537 464 1570 et
493 1534 588 1569 idem
619 1535 770 1570 verbum
808 1546 888 1569 cum
931 1532 1105 1568 adverbio
1139 1532 1370 1568 coniunctum
1416 1532 1557 1567 nullum

150 1589 342 1628 discrimen
368 1594 435 1628 aut
460 1590 740 1638 significationis
766 1594 832 1627 aut
857 1589 1138 1626 constructionis
1163 1588 1321 1624 inveniri
1345 1588 1485 1636 potuit,
1515 1593 1556 1624 ut

144 1656 185 1684 Λ
210 1652 294 1693 408,
324 1651 355 1685 Ο
379 1651 463 1692 467,
490 1652 533 1684 Π
557 1652 636 1694 120,
666 1652 704 1684 Ν
726 1651 809 1690 368,
837 1649 958 1693 6525,
986 1652 1104 1691 M35,
1133 1651 1260 1693 2311,
1289 1651 1405 1694 1377,
1433 1648 1554 1692 ζ14Ο,

149 1705 280 1752 11363,
314 1710 351 1743 Ψ
371 1710 453 1746 399.
487 1712 521 1743 T
544 1710 624 1752 159,
646 1708 680 1742 Ω
705 1710 788 1745 442.
823 1708 885 1744 Ad
910 1709 975 1744 hos
1000 1708 1228 1756 potissimum
1254 1708 1415 1743 animum
1440 1712 1558 1744 atten-

150 1767 277 1804 damus
311 1780 455 1804 necesse
489 1771 554 1804 est.
606 1767 771 1815 Namque
797 1766 855 1804 hic
880 1767 960 1804 iure
986 1767 1112 1815 quaeri
1137 1771 1273 1815 potest,
1310 1767 1480 1815 quidnam
1507 1768 1557 1804 sit

151 1837 290 1868 causae,
319 1838 384 1862 cur
409 1829 467 1862 tot
492 1826 563 1862 loci
590 1826 667 1861 sine
693 1826 772 1862 ulla
797 1826 956 1862 notionis
982 1830 1049 1862 aut
1066 1826 1347 1862 constructionis
1372 1826 1557 1862 dissimili-

149 1884 278 1922 tudine
309 1884 563 1931 inveniantur,
601 1898 682 1922 cum
717 1898 761 1922 ex
795 1886 915 1922 altera
947 1888 1054 1934 parte
1088 1885 1241 1922 totidem
1280 1884 1355 1922 sint
1393 1885 1557 1933 exempla

150 1943 285 1986 allata,
322 1944 453 1991 quibus
479 1944 676 1980 diversitas
702 1944 877 1991 quaedam
911 1945 950 1980 in
976 1949 1168 1991 utramque
1193 1948 1333 1991 partem
1360 1944 1556 1980 manifesta

149 2002 274 2040 fuerit.
327 2003 433 2049 Quod
458 2003 506 2040 ad
531 2003 627 2040 hunc
643 2000 772 2039 'locum
797 2003 943 2045 attinet,
977 2002 1055 2039 fieri
1081 2002 1243 2050 potuisse
1267 2005 1366 2050 put0,
1393 2006 1447 2045 ut,
1475 2015 1556 2038 cum

149 2063 302 2098 verbum
328 2066 365 2099 et
391 2062 604 2099 adverbium
628 2063 668 2098 in
694 2075 805 2098 unum
831 2061 1048 2098 vocabulum
1074 2061 1302 2103 coaluissent,
1337 2073 1408 2096 non
1434 2074 1557 2098 omnes

149 2120 334 2159 notiones.
369 2133 460 2168 quas
485 2121 674 2156 habuisset
699 2123 807 2156 antea
831 2121 984 2155 verbum
1010 2132 1089 2155 cum
1123 2119 1295 2154 adverbio
1322 2120 1557 2156 coniunctum

150 2177 260 2214 etiam
294 2178 333 2214 in
366 2178 563 2226 composito
598 2181 892 2220 asservarentur,
929 2177 992 2214 sed
1016 2181 1060 2213 ut
1084 2177 1149 2213 uni
1174 2176 1331 2214 alterive
1358 2178 1556 2226 composito

149 2237 299 2285 propria
324 2238 500 2286 quaedam
534 2238 757 2274 subiceretur
781 2249 851 2273 usu
876 2236 1096 2284 significatio
1123 2240 1161 2273 et
1186 2237 1426 2282 constructio,
1464 2250 1557 2285 quae

149 2307 222 2331 non
247 2296 376 2344 utique
401 2297 448 2332 ad
473 2295 669 2344 pristinam
686 2297 790 2333 illam
807 2296 867 2331 vel
885 2296 1009 2344 potius
1032 2296 1079 2332 ad
1096 2296 1273 2343 pristinas
1288 2297 1375 2333 illas
1392 2297 1558 2334 notiones

148 2354 254 2391 verbi
280 2355 456 2404 simplicis
482 2369 563 2392 cum
588 2355 760 2393 adverbio
786 2355 970 2392 coniuncti
996 2355 1203 2403 quadraret.
1232 2356 1369 2392 Contra
1387 2369 1468 2392 cum
1485 2369 1557 2393 non

149 2413 276 2458 paucis
325 2414 416 2450 10015
453 2415 557 2451 nulla
595 2414 873 2464 significationis
907 2414 1233 2451 constructionisve
1272 2414 1466 2450 diversitas
1504 2415 1558 2450 in—

150 2469 318 2514 venitur,
355 2484 434 2508 cum
470 2473 581 2508 verba
615 2471 814 2520 composita
848 2483 892 2507 ex
923 2472 1175 2509 coniunctione
1200 2472 1365 2509 adverbii
1393 2476 1431 2509 et
1455 2473 1558 2508 verbi
