1801 2776
1486 74 1546 105 Vll

0 156 48 210 ss'·
146 181 264 230 igitur
288 157 455 215 videmus
483 177 722 225 compositum
747 177 816 213 soli
841 177 1012 224 genetivo
1030 177 1253 220 adiunctum,
1281 190 1497 226 quamquam
1516 177 1555 213 id

34 233 47 248 ⁸
66 232 68 234 ’
94 250 103 254 ·
146 251 212 289 pm·
235 250 273 275 se
298 236 381 274 fieri
405 238 538 284 potest,
562 246 741 283 nusquam
768 239 869 271 caret
892 235 981 278 loeo,
1017 236 1080 283 qui
1105 236 1256 277 indicat,
1292 248 1362 284 quo
1389 236 1440 272 sit
1463 237 1555 273 refe·

148 296 264 334 reuda
288 295 391 331 verbi
408 293 521 339 actio;
549 292 700 335 accedit,
727 287 823 340 quod
848 293 931 340 pari
956 293 1061 329 modo
1086 306 1154 341 pro
1178 294 1271 329 κατά
1291 322 1298 330 .
1319 324 1326 331 .
1347 323 1354 331 .
1376 325 1383 331 .
1409 296 1555 340 βάλλειν

147 355 259 401 δάκρυ
285 350 449 401 παρειῶν
474 351 611 388 dieitur
636 351 748 388 etiam
767 350 843 387 ἀπό
861 380 869 386 .
890 380 898 388 .
920 380 928 387 .
948 380 954 387 .
981 351 1130 397 βάλλειν
1155 352 1266 398 δάκρυ
1286 362 1457 400 παρειῶν,
1486 366 1555 402 quo

147 414 229 450 loco
250 416 372 449 tamen
397 410 528 448 tmesis
560 416 754 458 propterea.
778 410 894 458 accipi
919 423 992 447 non
1017 414 1157 459 potest,
1193 411 1288 459 quod
1315 413 1555 460 compositum

148 470 375 516 ἀποβάλλειν
399 481 464 505 neo
490 468 529 504 in
553 468 672 504 Iliade
696 480 761 504 nec
786 468 826 504 in
851 468 1016 517 Odyssea
1041 469 1189 516 legitur,
1218 482 1299 506 cum
1316 471 1470 518 simplex
1487 476 1554 508 aut

148 538 230 567 oum
254 528 378 565 eodem
398 527 572 563 adver-bio
591 526 669 562 ἀπό
688 530 755 563 aut
772 527 917 574 saepius
935 539 1015 563 cum
1037 528 1306 575 praepositione
1323 529 1555 566 coniunctum

147 587 360 626 inveniatur
385 590 428 623 ut
454 585 476 621 δ
504 587 572 623 198
598 590 636 622 et
661 585 683 621 δ
707 587 780 623 414
806 585 918 634 δάκρυ
936 582 967 622 δ’
984 585 1061 622 ἀπὸ
1078 587 1268 634 βλεφάρων
1282 587 1440 632 χαμάδις
1456 588 1555 633 βάλε.

150 646 257 691 Quod
282 657 369 681 vero
393 643 595 691 posteriore
620 643 764 680 demum
780 647 903 680 aetate
927 644 989 692 (cf.
1008 644 1044 680 h.
1063 644 1172 680 Mero.
1192 647 1265 682 380
1283 645 1449 691 verbum)
1468 657 1557 681 com-

148 704 309 753 positum
335 701 561 748 ἀποβάλλειν
578 701 889 750 deprehendimus,
917 706 1080 739 nostram
1097 703 1315 740 sententiam
1333 716 1376 740 ea
1393 716 1432 739 re
1447 704 1558 740 etiam

149 763 270 811 magis
302 762 511 799 confirmari
536 766 719 809 putamus.
763 761 815 798 Et
847 762 916 799 hac
942 761 1066 799 eadem
1092 762 1137 799 de
1161 774 1272 799 causa
1299 762 1439 799 duobus
1466 762 1556 798 locis

149 822 433 873 posterioribus,
461 822 542 859 dico
567 822 589 858 δ
615 824 686 860 198
713 825 750 858 et
775 822 797 857 ὁ
823 825 913 865 358,
941 822 985 858 dc
1010 822 1116 859 tmesi
1142 822 1298 870 cogitari
1323 833 1394 858 non
1421 827 1558 869 potest;

150 883 251 920 deest
275 883 371 920 enim
397 882 644 930 compositum.

267 953 296 987 φ
324 943 394 977 119
427 941 505 976 ἀπὸ
537 940 577 977 δὲ
601 940 709 988 ξίφος
734 941 794 983 ὀξὺ
819 937 896 977 θέτ’
913 940 1029 986 ὤμων.
1083 941 1196 976 Nullo
1230 941 1309 977 loco
1334 941 1557 977 constructio

150 999 340 1047 compositi
367 998 581 1047 ἄποτίθημι
608 1003 665 1035 est
690 1010 752 1042 ea,
785 1010 856 1046 qua
882 1011 972 1046 opus
998 1003 1053 1035 est
1080 999 1126 1035 ad
1162 999 1292 1035 tmesin
1328 999 1559 1046 comproban-

151 1058 253 1105 dam3
281 1070 387 1106 quam
416 1058 461 1094 ob
486 1069 562 1094 rem
586 1057 712 1094 tmesis
749 1058 828 1094 loeo
854 1057 1038 1105 adscripto
1065 1057 1180 1105 accipi
1204 1071 1276 1094 non
1294 1060 1425 1106 potest.
1454 1057 1557 1093 Idem

150 1117 253 1153 valet
276 1116 320 1152 de
346 1118 376 1151 θ
404 1118 473 1153 149
501 1115 675 1151 σκέδασον
701 1112 732 1150 δ’
749 1115 826 1151 ἀπὸ
853 1116 966 1163 μήδεα
992 1119 1130 1160 θυμοῦ,
1158 1116 1230 1152 nisi
1256 1116 1351 1163 quod
1376 1115 1435 1151 hic
1459 1127 1560 1163 prae-

148 1179 250 1212 terea
266 1175 403 1211 locutio
421 1175 596 1223 simplicis
622 1174 725 1211 verbi
742 1174 971 1210 σκεδαννύναι
989 1188 1070 1211 cum
1087 1175 1354 1223 praepositione
1372 1175 1556 1210 coniuncti

150 1235 238 1272 haee
262 1235 385 1272 eadem
410 1238 485 1280 est,
522 1246 629 1282 quam
661 1233 700 1269 in
736 1235 847 1270 verbo
882 1247 963 1271 cum
988 1234 1160 1271 adverbio
1193 1234 1313 1282 posito
1339 1233 1555 1271 invenimus

150 1294 197 1332 ef,
220 1297 253 1329 Y
275 1296 343 1332 341
373 1290 472 1340 αἶψα
498 1289 528 1329 δ’
543 1289 659 1329 ἔπειτ’
675 1294 838 1341 Ἀχιλῆος
864 1289 931 1329 ἀπ’
948 1293 1151 1341 ὀφθαλμῶν
1176 1289 1319 1329 σκέδασ’
1336 1293 1453 1337 ἀχλύν.

268 1356 301 1388 Β
326 1356 374 1390 43
401 1352 487 1400 περὶ
514 1352 554 1387 δὲ
578 1351 670 1399 μέγα
694 1352 848 1397 βάλλετο
866 1356 992 1400 φᾶρος,
1010 1355 1042 1387 Σ
1055 1355 1127 1390 479
1147 1352 1233 1398 περὶ
1250 1348 1281 1387 δ’
1298 1351 1431 1399 ἄντυγα
1447 1353 1558 1398 βάλλε

151 1412 308 1461 φαεινήν,
336 1415 379 1447 Λ
394 1414 467 1449 454
486 1410 573 1459 περὶ
600 1411 717 1458 πτέρα
744 1413 866 1447 πυκνὰ
883 1412 1065 1457 βαλόντες,
1093 1412 1114 1447 λ
1133 1414 1202 1448 211
1232 1411 1344 1458 φίλας
1362 1411 1448 1458 περὶ
1465 1414 1560 1459 χεῖρε

149 1471 310 1518 βαλόντε,
339 1474 376 1506 Κ
397 1473 489 1515 544,
517 1484 533 1507 ε
560 1473 629 1509 231
659 1471 745 1518 περὶ
771 1470 811 1506 δὲ
836 1469 949 1520 ζώνην
973 1467 1093 1516 βάλετ’
1110 1470 1198 1515 ἰξυῖ,
1235 1485 1257 1507 κ
1284 1473 1352 1508 261
1384 1470 1469 1516 περὶ
1494 1469 1560 1515 μὲν

150 1530 257 1577 ξίφος
283 1530 316 1566 ἅ.
344 1529 472 1574 ὤμοιιν
496 1529 666 1578 βαλόμην.

269 1588 339 1624 His
364 1588 454 1625 loeis
486 1583 618 1625 tmesin
652 1592 814 1625 statuere
839 1588 954 1635 velle,
988 1601 1047 1626 res
1077 1589 1155 1626 sine
1182 1589 1292 1625 dubio
1326 1600 1480 1635 magnae
1505 1592 1561 1623 est

152 1648 398 1685 difficultatis.
429 1648 526 1685 Nam
551 1649 715 1696 equidem
740 1649 804 1685 vix
830 1649 921 1686 duos
946 1662 1093 1697 possum
1117 1650 1216 1686 locos
1242 1647 1430 1697 compositi
1459 1646 1560 1683 verbi

153 1707 303 1749 afferre,
341 1706 404 1754 qui
430 1707 489 1743 hic
514 1707 618 1743 nobis
644 1707 719 1743 sint
745 1699 982 1754 respiciendi;
1018 1712 1105 1744 sunt
1139 1708 1234 1743 enim
1268 1721 1289 1751 χ
1315 1709 1387 1744 466
1421 1708 1562 1750 πεῖσμα

153 1765 311 1814 μεγάλης
337 1763 536 1812 περίβαλλε
561 1764 690 1800 θόλοιο
716 1768 754 1801 et
777 1778 798 1809 χ
826 1766 895 1802 148
922 1766 971 1807 ὡς
990 1764 1318 1813 περιβαλλομένους
1343 1761 1399 1800 ἴδε
1416 1764 1539 1809 τεύχεα
1551 1777 1562 1806 ,·

153 1828 194 1861 at
224 1825 264 1861 hi
290 1836 431 1872 quoque
464 1823 535 1859 duo
571 1824 642 1859 loci
668 1845 716 1849 —
740 1828 785 1859 ut
818 1825 1002 1867 omittam,
1038 1824 1344 1861 constructionem
1371 1823 1561 1872 compositi

153 1883 233 1919 loco
259 1884 383 1931 priore
409 1883 455 1918 ad
482 1879 786 1919 constructionem
820 1883 923 1919 verbi
949 1884 985 1919 in
1013 1884 1121 1920 tmesi
1157 1896 1265 1931 quam
1295 1884 1423 1919 dicunt
1448 1883 1561 1930 positi

154 1954 226 1977 non
253 1942 432 1990 quadrare
458 1963 505 1967 —
531 1942 636 1978 nobis
667 1941 813 1978 minime
847 1942 942 1979 tales
968 1953 1045 1979 esse
1071 1942 1265 1985 videntur,
1300 1946 1343 1979 ut
1376 1942 1559 1978 notionem

154 2000 443 2048 locutionemque
453 2012 576 2037 eorum
586 2001 693 2048 plane
703 2013 780 2037 esse
788 2001 936 2037 eandem
946 2005 1115 2049 putemus
1124 2006 1234 2049 atque
1240 2001 1342 2037 verbi
1353 2000 1443 2037 locis
1452 2011 1564 2048 supra

155 2058 368 2107 adscriptis3
396 2058 499 2095 cuius
524 2059 662 2095 rationi
688 2059 823 2106 optime
848 2060 1019 2106 congruit
1043 2060 1178 2096 locutio
1205 2059 1381 2106 simplicis
1398 2062 1465 2095 aut
1482 2071 1564 2094 cum

154 2117 424 2164 praepositione
449 2116 536 2165 περί
570 2117 752 2154 coniuncti
777 2122 821 2154 ut
845 2117 866 2160 ξ
888 2121 956 2154 311
984 2121 1105 2164 χεῖρας
1131 2119 1216 2165 περὶ
1244 2118 1392 2164 γούνασι
1418 2117 1565 2162 βάλλειν

155 2179 222 2211 aut
246 2175 391 2223 saepius
407 2176 554 2212 notione
571 2176 694 2212 eadem
711 2188 793 2211 cum
809 2177 940 2212 vocula
967 2175 1063 2223 ἀμφί
1079 2180 1124 2212 ut
1141 2188 1169 2222 φ
1190 2179 1274 2220 223,
1303 2180 1341 2211 Ν
1354 2178 1413 2218 36,
1440 2176 1463 2210 δ
1479 2178 1563 2212 245.

156 2231 212 2269 Ob
236 2233 385 2270 eandem
411 2245 575 2278 causam,
612 2234 691 2271 dico
718 2235 762 2271 ob
786 2234 948 2270 notionis
972 2233 1326 2277 dissimilitudinem,
1364 2233 1475 2271 etiam
1506 2233 1564 2270 his

157 2291 246 2328 loeis
271 2295 295 2336 β
321 2295 361 2337 3,
390 2293 412 2327 δ
437 2296 528 2335 308,
556 2306 576 2327 υ
605 2295 674 2329 125
701 2292 788 2339 περὶ
813 2290 853 2327 δὲ
879 2291 987 2339 ξίφος
1011 2291 1073 2334 ὀξὺ
1097 2288 1278 2339 θέτ’ὤμῳ
1307 2291 1433 2329 tmesis
1467 2295 1565 2328 recte

156 2350 272 2398 accipi
296 2363 369 2387 non
394 2355 534 2399 potest;
561 2363 715 2398 namque
741 2350 989 2399 compositum,
1017 2351 1113 2398 quod
1132 2352 1242 2387 semel
1267 2355 1414 2387 tantum
1439 2354 1563 2387 exstat

156 2421 178 2454 y
202 2412 277 2446 205
300 2409 382 2454 ἐμοὶ
406 2408 490 2445 θεοὶ
517 2409 666 2454 δύναμιν
684 2411 872 2456 περιθεῖεν
897 2409 1164 2456 significatione
1182 2410 1366 2446 translata
1388 2414 1445 2445 est
1462 2422 1565 2445 usur-

157 2471 297 2514 patum,
323 2480 455 2505 sonans
481 2468 660 2515 impertio,
688 2467 891 2515 suppedito,
918 2468 1083 2515 praebeo,
