1801 2776
1488 94 1536 131 1ss

86 203 197 240 boe
217 204 278 239 oet
300 200 340 237 in
364 199 472 246 tmesi
497 210 605 247 quam
622 197 775 234 dicimus
792 197 922 245 posita,
942 197 1186 246 inveniantur,
1216 210 1307 246 quae
1325 197 1534 245 compositis

127 264 302 308 Quam
326 258 494 307 praelata
519 267 597 293 esse
622 255 845 293 videantur?
870 260 914 293 ut
938 256 1111 300 καταχέω.
1147 257 1199 292 Et
1224 257 1363 303 legitur
1388 256 1532 304 quidem

0 324 38 338 “
127 321 196 359 δύο
218 320 371 357 verbum
396 330 477 355 eum
509 316 653 354 nomine
679 315 790 362 δάκρυ
815 315 1065 357 coniunctum,
1095 316 1158 352 sed
1183 316 1299 351 multo
1324 316 1469 363 saepius
1494 315 1532 353 in

0 376 47 433 ’,ἓζ
87 396 90 398 ·
126 376 252 417 ‚edem
276 376 460 414 locutione
484 375 705 423 diremptum
729 374 912 411 invenies:
939 376 1032 410 κατὰ
1050 374 1161 420 δάκρυ
1176 373 1307 418 χέουσα
1324 374 1370 411 ef.
1390 377 1433 408 Λ
1447 376 1532 416 413,

130 437 269 479 Γ-142,
295 437 331 469 Ζ
352 436 437 476 496,
472 435 504 468 Σ
525 434 584 473 94,
613 434 702 474 4283
738 435 773 466 Z
795 433 879 474 459,
907 431 928 466 ὃ
953 433 1036 473 556,
1064 444 1086 466 κ
1112 434 1193 474 201,
1222 434 1306 474 409,
1333 435 1424 478 570;
1452 433 1473 468 λ
1497 436 1531 476 5,

127 495 220 540 460;
246 506 272 538 μ
301 495 357 537 12,
382 505 405 536 χ
429 492 499 529 447
527 489 660 538 quibus
684 489 775 526 loeis
800 488 939 526 formae
956 493 1101 526 tantum
1123 489 1311 537 participii
1328 489 1531 526 variantur.

128 551 322 598 Κατείβειν
347 550 458 597 δάκρυ
482 549 641 596 legimus
666 560 695 595 φ
722 550 787 594 86;
823 547 914 584 med.
935 548 969 581 Ω
988 549 1077 593 794,
1117 548 1263 595 saepius
1288 551 1410 584 tamen
1435 549 1533 595 leges

67 616 71 617 ⁷
124 611 221 649 κατὰ
245 610 356 657 δάκρυ
380 606 511 654 εἴβεις,
537 612 582 645 ut
606 610 649 643 H
673 611 736 650 11,
770 611 804 642 T
826 609 908 650 323,
936 607 957 641 λ
983 609 1074 650 391,
1104 621 1136 641 π
1161 610 1252 649 332,
1282 614 1310 641 ω
1339 608 1420 650 234,
1450 608 1531 650 280,

125 669 258 717 quibus
289 668 380 704 loeis
404 667 543 704 formae
576 670 722 703 tantum
756 666 859 702 verbi
887 666 1090 702 variantur.
1143 665 1393 709 Καταλείπειν
1418 664 1533 701 variis

59 717 65 721 ’
121 739 206 764 ,cum
232 727 340 763 rebus
366 725 517 762 obiectis
543 725 775 761 coniunctum
801 727 874 767 est,
914 728 955 760 at
989 724 1135 772 saepius
1169 727 1292 760 tamen
1317 723 1356 759 in
1382 723 1532 759 locutio-

80 798 84 802 *
123 786 234 823 nibus
260 785 440 822 similibus
466 784 680 821 adverbium
706 797 728 820 a
754 784 865 820 verbo
891 784 1094 820 seiunctum
1120 784 1269 831 legitur.
1316 782 1531 827 Καθέζομαι

123 845 281 892 legimus
305 847 349 878 A
371 846 455 886 405,
482 845 573 888 536;
600 844 634 878 Ω
664 846 753 890 1263
781 847 910 880 eontra
935 843 1156 890 diremptum
1182 846 1332 891 praeter*
1356 845 1398 877 H
1419 845 1465 879 58
1492 842 1529 878 in

121 915 232 940 versu
262 902 328 939 illo
358 901 565 939 notissimo:
599 900 619 950 ἦ
656 915 712 938 τοι
747 901 769 938 ὅ
794 897 822 948 γ’
859 900 909 944 ὣς
942 898 1060 937 εἰπὼν
1091 898 1170 936 κατ’
1193 897 1247 947 ἂρ’
1273 898 1389 946 ἕζετο,
1434 903 1528 937 τοῖσι

121 956 156 995 δ’
175 959 317 1008 ἀνέστη,
345 971 433 1007 quos
458 960 556 995 locos
578 972 699 996 omnes
716 959 775 998 hie
799 959 1003 995 enumerari
1020 971 1106 994 sane
1131 959 1224 994 nihil
1242 960 1387 995 attinet.
1424 967 1532 994 Ἀπο-

123 1016 254 1065 κείρειν
294 1017 448 1067 (χαίτην)
489 1018 583 1067 legis
619 1022 766 1056 tantum
810 1020 846 1053 Ψ
870 1020 937 1056 141
977 1017 1015 1054 in
1054 1029 1186 1065 genere
1224 1017 1360 1064 medio;
1401 1021 1528 1055 eontra

120 1078 202 1113 ἀπὸ
220 1107 227 1114 .
249 1107 256 1114 .
278 1107 286 1114 .
306 1106 314 1114 .
340 1077 472 1123 κείρειν
505 1078 544 1113 in
577 1090 709 1124 genere
743 1078 864 1114 activo
898 1081 935 1112 K
958 1080 1029 1113 456
1067 1077 1258 1124 (τένοντε),
1296 1077 1332 1114 Ξ
1351 1079 1422 1114 466
1461 1077 1528 1123 (τὲ-

124 1135 258 1181 νοντε);
300 1138 334 1170 Ν
360 1137 447 1180 546,
484 1137 555 1172 548
605 1135 766 1182 (φλέβα).
819 1135 1058 1179 Ἀποτοίμνειν
1102 1134 1339 1182 compositum
1373 1135 1528 1182 legimus

118 1195 231 1231 semel
256 1198 401 1231 tantum
432 1195 464 1230 Θ
481 1197 527 1232 87
548 1194 687 1230 ἵπποιο
706 1191 930 1242 παρηοριάς,·
970 1197 1096 1230 eontra
1124 1193 1342 1242 diremptum
1362 1195 1526 1242 saepius:

123 1256 159 1289 Γ
179 1255 251 1292 292
277 1253 497 1298 στομάχους,·
522 1255 555 1288 Ε
570 1254 641 1290 292
660 1252 843 1299 γλῶσσαν,-
882 1254 1000 1290 Τ266
1018 1252 1214 1297 στόμαχον,
1252 1255 1291 1287 Χ
1306 1255 1378 1290 328
1403 1253 1526 1301 (lectio

118 1313 234 1350 dubia
259 1313 348 1360 est),
382 1314 418 1347 Ψ
440 1314 509 1349 867
536 1312 730 1360 μήρινθον,
755 1325 777 1356 χ
802 1314 873 1348 475
899 1310 1001 1358 ῥῖνάς
1026 1323 1065 1346 τε
1089 1310 1153 1346 καὶ
1171 1309 1294 1355 οἰῖατα,
1320 1324 1342 1347 σ
1361 1314 1408 1349 86
1433 1315 1524 1359 ῥῖνα.

122 1371 366 1416 Ἀπολούομαι
408 1371 645 1418 compositum
686 1370 874 1406 invenitur
917 1370 1027 1406 semel
1064 1373 1209 1406 tantum
1243 1369 1262 1412 ζ
1300 1372 1371 1407 219
1412 1372 1528 1419 ἅλμην

119 1429 253 1475 (how,-
278 1433 405 1466 eontra
431 1429 651 1477 diremptum
677 1429 841 1477 saepius:
873 1428 908 1465 Ξ
930 1431 949 1465 7
987 1428 1115 1473 βρότον
1149 1426 1370 1472 αἱματόεντα
1411 1431 1448 1464 Ψ
1476 1433 1526 1467 41·

120 1492 153 1525 Σ
175 1491 257 1527 345.
309 1489 480 1525 >madasca
506 1489 735 1535 significans:
771 1501 862 1525 exuo
898 1500 1002 1536 quem
1036 1501 1075 1524 re
1101 1492 1138 1524 et
1163 1488 1254 1524 med.
1282 1500 1374 1524 exuo
1401 1501 1456 1525 me
1488 1502 1526 1525 re

118 1549 156 1582 A
179 1550 269 1591 532,
303 1550 335 1584 Σ
358 1549 404 1583 83
435 1547 579 1591 τεύχεα,
619 1560 636 1582 ε
663 1549 733 1584 343
767 1547 898 1591 εἵματα
932 1550 1064 1589 ταῦτα;
1104 1550 1230 1582 eontra
1265 1546 1478 1583 adverbium
1503 1559 1525 1583 a

117 1607 229 1643 verbo
263 1607 466 1643 seiunctum
500 1606 673 1653 legimus:
712 1608 744 1641 Β
778 1609 847 1644 261
885 1605 976 1652 φίλα
1006 1606 1155 1651 εἵματα,
1198 1608 1229 1640 Ε
1250 1607 1342 1649 435,
1379 1610 1418 1640 Ν
1443 1609 1522 1651 182,

118 1668 157 1699 Χ
183 1667 252 1703 125
278 1665 411 1710 τεύχεα.
437 1662 683 1712 Ἐξαιρεῖσθαι
711 1666 942 1701 ooniunetum
972 1677 1052 1701 eum
1079 1666 1186 1701 rebus
1211 1664 1362 1702 obiectis
1395 1666 1527 1709 θυμόν,

117 1723 253 1776 ψυχήν,
294 1723 428 1770 φρένας
461 1736 677 1771 quamquam
714 1723 826 1759 octies
852 1723 1010 1770 legitur,
1042 1727 1083 1759 at
1116 1727 1237 1759 tamen
1270 1723 1309 1759 in
1343 1724 1524 1761 locutione

116 1783 240 1820 eadem
267 1782 412 1830 saepius
429 1782 649 1830 diremptum
674 1788 735 1828 ut3
764 1783 796 1817 E
815 1784 897 1826 317,
925 1783 1017 1828 3463
1044 1785 1086 1816 A
1103 1784 1184 1826 381,
1213 1784 1258 1817 Μ
1277 1785 1356 1827 150,
1389 1785 1423 1817 Φ
1442 1786 1522 1826 112,

118 1856 138 1890 ρ
160 1844 251 1885 236,
285 1855 305 1877 υ
330 1844 397 1888 62;
434 1844 466 1878 Σ
488 1845 577 1884 311,
614 1844 634 1877 Ι
658 1844 748 1888 3773
785 1845 974 1889 praeterea
1008 1854 1088 1878 eum
1123 1841 1208 1878 aliis
1241 1842 1348 1879 rebus
1372 1841 1525 1880 obiectis

114 1901 384 1948 significatione
410 1901 551 1937 eadem:
580 1900 599 1943 ζ
627 1903 696 1937 140
722 1901 812 1943 δέος,
839 1914 861 1935 κ
879 1903 950 1937 363
969 1901 1140 1943 κάματον,
1167 1901 1188 1935 λ
1206 1903 1254 1937 20
1271 1900 1379 1948 μῆλα,
1407 1916 1433 1945 μ
1454 1905 1522 1938 123

114 1961 252 2006 φῶτας,
280 1961 315 1994 Δ
340 1961 409 1996 116
435 1957 501 2003 ἰόν,
527 1961 570 1994 Λ
594 1960 665 1996 696
692 1957 830 2007 ἀγέλην.
878 1958 979 1995 Haec
1005 1958 1128 1995 eadem
1153 1959 1257 2002 ratio,
1284 1973 1330 1997 ne
1364 1961 1522 2008 singulis

114 2017 205 2054 locis
243 2018 495 2054 enumerandis
539 2018 692 2062 nimium
738 2030 919 2054 moremur
961 2018 1133 2061 lectores,
1176 2018 1373 2055 intercedit
1410 2020 1528 2056 etiam

113 2077 212 2113 inter
244 2077 333 2114 haee
367 2077 479 2114 verba
513 2080 551 2113 et
583 2076 781 2124 composita
817 2081 854 2113 et
887 2077 926 2112 in
952 2077 1059 2113 tmesi
1096 2089 1204 2125 quam
1230 2077 1358 2114 dicunt
1384 2077 1520 2125 posita:

113 2134 374 2181 Καταπίπτω,
408 2135 644 2183 ἀμφιέννυμι,
680 2134 881 2181 ἀναβαίνω,
919 2133 1108 2184 ἀνίστημι,
1138 2135 1399 2183 ἀφαιρεῖσθαι,
1434 2136 1520 2172 ἕντι-

114 2192 233 2240 θέναι,
260 2194 487 2240 καταβάλλω,
514 2193 689 2238 ἐμποιέω.
717 2193 769 2230 Et
794 2193 888 2230 talia
912 2193 952 2229 in
977 2197 1104 2241 poetae
1130 2193 1280 2230 lieentia
1305 2206 1382 2231 esse
1400 2195 1522 2241 posita

112 2251 196 2300 quis
221 2253 351 2301 putet?
369 2252 485 2290 Nobis
502 2252 646 2301 quidem
663 2251 864 2289 locutiones
881 2251 974 2289 tales
992 2252 1117 2289 firmae
1135 2252 1309 2300 quaedam
1326 2254 1521 2290 verborum

113 2310 305 2347 iuncturae
339 2324 416 2348 esse
450 2311 641 2354 videntur,
677 2311 884 2358 antiquitus
917 2324 987 2346 ‚usu
1012 2311 1145 2353 tritae,
1184 2311 1315 2358 quibus
1341 2317 1450 2358 poeta
1476 2314 1520 2348 ob

110 2381 192 2406 eam
231 2382 376 2407 causam
415 2369 560 2418 saepius
602 2382 708 2417 quam
747 2369 865 2409 verbis
912 2369 1121 2417 compositis
1162 2383 1250 2406 usus
1298 2374 1364 2406 est.
1418 2369 1521 2415 Quae

111 2429 294 2466 sententia
336 2430 447 2467 etiam
489 2431 607 2478 magis
648 2430 817 2467 formulis
860 2429 1075 2478 quibusdam
1119 2431 1375 2478 comprobatur
1389 2460 1396 2473 ,
1440 2431 1520 2467 dieo

2 2522 10 2535 f
69 2532 73 2534 ‚
116 2487 298 2534 versibus,
326 2489 389 2537 qui
415 2489 566 2525 vocibus
590 2492 655 2525 aut
689 2501 828 2538 semper
852 2488 980 2525 iisdem
1006 2492 1073 2525 aut
1098 2489 1289 2537 paululum
1317 2489 1521 2526 immutatis

1366 2559 1404 2589 1*

0 2688 56 2738 ἦ
147 2717 150 2719 Α

46 2746 189 2776 ἴτε-..ἤμην-
231 2770 234 2776 ς
