1801 2776
244 54 385 85 XXVHI

247 147 342 194 alii).
370 147 415 183 In
435 146 587 184 Hesiodi
614 146 835 209 carminibus
853 146 994 194 legitur
1011 146 1220 195 quinquies,¹
1234 146 1277 183 in
1294 147 1442 219 hymnis
1458 143 1664 186 Homericis

245 206 366 243 semel.

246 266 346 302 Scut.
369 267 439 302 195
468 278 520 312 sq.
549 265 653 313 παρὰ
675 263 716 300 δὲ
734 264 871 309 Δεῖμός
888 278 926 300 τε

298 323 420 370 Φόβος
454 336 491 359 τε
527 322 693 359 ἕστασαν.
744 325 816 361 264
849 324 928 372 πὰρ

295 378 327 417 δ’
342 383 467 427 Ἀχλὺς
492 380 662 430 εἱστήκει.
715 384 787 418 270
823 384 927 429 παρὰ
954 394 956 396 ·

295 437 327 475 δ’
345 440 525 487 εὔπυργος
552 439 663 481 πόλις
690 439 839 487 ἀνδρῶν.

247 499 350 535 Scut.
369 501 439 535 317
468 502 572 547 νῆχον
598 494 658 533 ἐπ’
675 497 785 545 ἄκρον
809 497 924 544 ὕδωρ·

298 559 405 603 παρὰ
432 553 465 592 δ’
481 554 609 600 ἰχθύες
634 555 849 592 ἐκλονέοντο.

988 265 1034 301 of.
1060 267 1095 300 A
1127 268 1199 302 330
1234 266 1312 313 πὰρ
1346 264 1387 301 δὲ
1420 232 1667 316 Κεφαλλήνων

1038 323 1157 368 στίχες
1182 322 1348 359 ἓ’.στασαν
1377 326 1409 359 Ε
1435 326 1503 362 112
1531 326 1609 372 πὰρ
1627 325 1667 361 δὲ

1038 383 1127 424 στὰς
1151 382 1258 428 βέλος
1274 382 1349 418 ὠκὺ
1366 379 1496 430 ἐξέρυσ’
1511 381 1610 428 ὤμου
1628 388 1666 421 et

1037 441 1113 477 alia
1139 440 1328 478 eiusmodi.
1613 462 1616 464 -
1645 473 1648 475 ,

989 498 1095 535 Ν11111
1121 499 1254 536 simile
1275 499 1315 535 in
1340 493 1498 537 Homero
1524 499 1663 536 inveni-

1036 561 1116 603 tur3
1161 558 1374 594 κλονεῖσθαι
1417 548 1478 594 de
1499 558 1661 611 piscibus

977 647 980 649 ,
1036 619 1094 652 sat
1153 607 1329 653 audacter
1388 616 1525 670 dictum
1585 629 1663 654 esse

1036 674 1196 711 videtur.

987 733 1033 771 cf.
1053 746 1082 768 ω
1111 736 1153 770 11
1183 734 1260 781 πὰρ
1287 729 1321 768 δ’
1336 730 1421 770 ι’σαν
1430 714 1603 779 Ὠκεανοῦ
1624 747 1663 770 τε

1037 794 1125 837 ῥοὰς
1150 793 1213 827 καὶ
1242 792 1418 827 Λεύκαδα
1446 784 1592 840 πέτρην.
1644 825 1646 828 .

987 850 1031 885 of.
1061 853 1105 887 A
1129 853 1201 887 512
1235 854 1308 887 σῶν
1343 849 1451 895 ὀχέων
1477 843 1663 900 ἐπιβήσεο,

1037 905 1114 959 πὰρ
1151 908 1191 945 δὲ
1229 903 1395 954 Μαχάων
1431 908 1587 956 βαινέτω
1625 918 1663 946 et

1036 970 1105 1004 517
1136 966 1266 1003 αὐτίκα
1287 965 1318 1003 δ’
1331 962 1383 1003 ὦν
1408 967 1517 1013 ὀχέων
1533 968 1663 1015 ἐπεβή-

1036 1038 1128 1069 σετο,
1158 1027 1236 1072 πὰρ
1262 1026 1302 1062 δὲ
1327 1027 1494 1071 Μαχάων
1517 1022 1627 1072 βαῖν’.

905 1084 996 1130 Περί

244 1142 460 1178 adverbium
499 1156 580 1179 cum
614 1144 737 1179 verbis
772 1143 1004 1179 coniunctum
1039 1144 1179 1191 legitur
1212 1144 1251 1180 in
1276 1144 1396 1181 Iliade
1430 1148 1468 1181 et
1494 1144 1660 1192 Odyssea

245 1202 412 1249 sexagies
451 1203 593 1246 novies,
630 1203 773 1239 omissis
808 1203 855 1239 iis
881 1203 987 1248 locis,
1025 1204 1158 1251 quibus
1186 1203 1272 1249 περί
1308 1202 1403 1239 idem
1439 1202 1540 1239 valet
1566 1202 1663 1250 quod

246 1265 439 1307 περισσῶς.
471 1263 506 1296 Δ
529 1264 600 1298 538
628 1262 857 1298 scribendum
884 1274 960 1298 esse
986 1266 1076 1309 puto
1105 1261 1191 1308 περὶ
1218 1261 1409 1301 κτείνοντο,
1445 1264 1551 1309 quem
1577 1260 1663 1297 scri-

244 1319 352 1355 bendi
394 1319 539 1355 modum
581 1320 700 1355 nescio
745 1333 810 1356 cur
850 1320 1056 1366 neglexerit
1099 1320 1361 1367 Rzachius,
1409 1318 1490 1356 cu'm
1540 1322 1662 1355 tamen

245 1381 293 1416 M
314 1381 385 1415 245
412 1378 507 1415 illud
533 1378 629 1415 idem
655 1378 786 1415 feeerit
811 1382 939 1415 eontra
963 1379 1140 1416 librorum
1166 1379 1358 1416 meliorum
1389 1378 1660 1415 auctoritatem.

244 1450 272 1470 ω
302 1439 371 1472 143
406 1450 427 1471 κ
454 1439 527 1473 470
561 1449 780 1485 quamquam
816 1437 919 1473 uncis
955 1440 1042 1472 sunt
1078 1436 1196 1483 saepti
1231 1448 1253 1472 a
1279 1436 1438 1481 Canem,
1474 1440 1595 1471 tamen
1623 1435 1661 1470 in

244 1494 333 1530 locis
358 1495 594 1531 numerandis
621 1507 692 1530 non
720 1498 806 1531 sunt
832 1494 967 1530 omissi.
1020 1495 1063 1530 In
1091 1494 1244 1530 Hesiodi
1277 1493 1497 1530 carminibus
1524 1493 1662 1541 legitur

244 1552 450 1602 quinquies,
477 1552 516 1597 111
543 1552 689 1599 hymnis
715 1552 920 1588 Homericis
947 1555 1088 1598 quater.

246 730 313 779 Op.
333 734 370 767 et
396 731 430 767 d.
450 733 522 768 493
549 732 634 778 Πὰρ
651 727 684 767 δ’
701 729 760 767 ἴθι
775 731 927 776 χάλκεον

295 792 420 824 θῶκον
445 789 510 825 καὶ
536 789 679 826 ἐπαλέα
706 790 842 838 λέσχην.

245 848 279 885 11.
293 848 452 884 Cer.377
473 850 494 896 ἡ
511 845 542 883 δ’
559 847 668 893 ὀχέων
686 846 804 897 ἐπέβη
822 851 927 896 παρὰ.

296 906 335 942 δὲ
362 908 494 954 κρατὸς
520 908 782 957 Ἀργειφόντης,

245 1610 383 1658 Theog.
416 1613 463 1648 58
508 1624 559 1659 sq.
601 1607 678 1647 ἀλλ’
705 1611 763 1647 ὅτε
807 1612 851 1660 δή
892 1608 920 1658 ῥ’

295 1667 459 1711 ἐνιαυτὸς
498 1668 559 1716 ἔην
597 1683 683 1716 περι
714 1665 787 1704 ὁ“’”
763 1684 925 1718 ετραπον

293 1721 386 1775 ὦραι
421 1732 543 1777 μηνῶν
576 1728 802 1776 φθινόντων,
837 1730 921 1777 περὶ

293 1783 325 1822 δ’
343 1784 463 1835 ἤματα
491 1783 597 1822 πόλλ’
613 1786 797 1836 ἐτελέσθη.

985 1614 1021 1646 Κ
1037 1613 1108 1648 469
1127 1624 1179 1658 sq.
1207 1608 1284 1646 ἄλλ
1301 1611 1360 1647 ὅτε
1386 1607 1477 1660 δήρ
1497 1611 1659 1654 ἐνιαυτὸς

1034 1669 1094 1718 ἔην
1108 1669 1194 1716 περὶ
1208 1666 1240 1705 δ’
1256 1670 1417 1716 ἔτραπον
1435 1663 1528 1717 ὦραι
1541 1674 1662 1719 μηνῶν

1033 1728 1238 1775 φθινόντων
1256 1728 1343 1774 περὶ
1360 1725 1391 1764 δ’
1402 1728 1522 1777 ἤματα
1538 1729 1661 1776 μακρὰ

1033 1786 1200 1835 τελέσθη.
1229 1788 1274 1824 cf.
1293 1801 1314 1823 τ
1343 1790 1424 1824 153.

244 1845 381 1892 Theog.
394 1848 440 1882 69
469 1845 648 1894 ἀμβροσίῃ
674 1847 814 1894 μολπῇ.
835 1846 918 1893 περὶ
983 1846 1028 1881 cf.
1048 1859 1061 1880 ι
1081 1848 1151 1882 395
1168 1845 1254 1893 περὶ
1272 1844 1304 1881 δ’
1317 1844 1396 1890 ἴαχε
1415 1844 1541 1894 πέτρη.
1565 1848 1599 1880 (1)
1616 1848 1661 1883 10

292 1901 323 1939 δ’
340 1901 420 1948 ἴαχε
447 1907 535 1951 γαῖα
562 1904 729 1949 μέλαινα.

245 2021 381 2068 Theog.
405 2025 471 2059 127
503 2020 662 2068 Οὐρανὸν
680 2020 847 2067 ἀστερόεν
869 2017 919 2065 θ’,

292 2081 351 2114 ἵνα
378 2094 440 2124 μιν
469 2078 555 2126 περὶ
584 2080 706 2115 πάντα
726 2079 919 2114 καλύπτοι.

242 2256 341 2293 Seut.
354 2258 427 2293 204
446 2255 532 2303 περὶ
559 2252 590 2290 δ’
603 2253 711 2300 ὄλβος
729 2254 921 2302 ἀπείριτος

292 2314 521 2360 ἐστεφάνωτο
536 2314 733 2350 ἀθανάτων
747 2314 784 2350 ἐν
798 2314 919 2360 ἀγῶνι.

241 2373 275 2408 h.
309 2373 419 2421 Apol.
440 2374 548 2421 12122
576 2373 702 2419 λεπτῷ
741 2372 919 2422 νηγατέῳ·

293 2431 379 2480 περὶ
407 2432 447 2467 δὲ
472 2432 618 2478 χρύσεον
635 2432 792 2480 στρόφον
818 2429 918 2480 ἧκαν.

1031 1903 1140 1948 ὄχθαι
1152 1901 1184 1939 δ’
1196 1903 1292 1951 ἀμφὶ
1308 1904 1396 1952 περὶ
1409 1902 1535 1952 μεγάλ’
1546 1903 1659 1950 ἴαχον.

1031 1963 1076 1999 cf.
1102 1966 1136 1997 T
1157 1965 1228 2000 362
1254 1976 1277 1997 κ
1302 1965 1385 2000 454.

983 2022 1028 2058 cf.
1054 2022 1088 2056 Ω
1114 2024 1161 2059 20
1200 2021 1287 2067 περὶ
1321 2018 1352 2056 δ’
1378 2021 1490 2069 αἰγίδι
1537 2023 1659 2059 πάντα

1032 2081 1243 2116 καλύπτειν.
1302 2084 1330 2115 Ρ
1358 2084 1429 2118 243
1469 2080 1553 2117 ἐπεὶ
1594 2095 1660 2117 πο-

1032 2138 1156 2183 λέμοιο
1186 2138 1295 2186 νέφος
1325 2139 1411 2187 περὶ
1443 2140 1566 2176 πάντα
1596 2153 1659 2175 κα-

1033 2198 1174 2233 λύπτει.

984 2257 1117 2292 Confer
1143 2269 1235 2304 quae
1262 2256 1360 2293 dieta
1386 2260 1474 2293 sunt
1499 2257 1546 2293 ad
1565 2256 1654 2293 Ven.

1035 2318 1114 2358 120,
1142 2328 1175 2362 p.
1198 2317 1254 2352 16.

981 2373 1137 2409 Nullum
1178 2374 1383 2421 exemplum
1425 2386 1507 2420 par·
1536 2375 1658 2409 exstat

1031 2432 1129 2481 apud
1165 2432 1382 2476 Homerum,
1418 2432 1481 2481 qui
1513 2431 1657 2468 omnino
