1801 2720
184 53 246 84 XII

184 160 268 192 aut:
309 157 447 200 excito,
474 160 518 193 ut
550 159 582 191 Y
604 158 670 199 93,
708 157 753 193 cf.
775 160 815 191 X
838 158 910 193 204
933 170 955 201 χ
981 158 1068 201 429,
1097 160 1182 193 aut:
1210 155 1379 204 impello,
1406 159 1450 192 ut
1476 159 1519 191 H
1539 159 1598 194 42.

186 214 281 251 Med.
302 227 377 252 aor.
396 229 518 264 sync.:
546 215 647 252 irruo
673 216 722 258 in,
750 220 794 252 ut
823 219 857 250 Φ
883 219 966 252 324.

308 275 338 310 Ο
364 277 434 312 567
463 273 530 310 ἐπὶ
557 274 596 310 δὲ
622 275 714 315 Ζεὺς
745 277 871 322 Τρῶας
897 274 1040 321 ἔγειρεν.
1066 274 1157 311 Alia
1183 278 1238 311 est
1264 274 1365 310 notio
1391 275 1495 311 verbi
1518 287 1599 311 cum
1632 287 1635 290 ⁴

184 333 358 370 adverbio
370 334 565 380 coniuncti,
581 334 656 370 alia
670 334 869 383 compositi.
886 334 982 370 Nam
997 348 1078 370 cum
1087 334 1182 370 illud
1192 334 1270 370 loco
1281 333 1465 381 adscripto
1475 337 1598 370 sonet:

184 393 345 441 aliquem
379 393 426 429 ad
452 405 615 441 pugnam
641 393 805 435 incitare,
834 393 1020 440 signifieat
1038 406 1176 440 semper
1195 393 1432 441 compositum
1447 393 1598 428 verbum

184 454 252 486 aut
279 463 323 486 ex
350 463 474 486 somno
501 451 661 498 aliquem
687 451 850 487 excitare
876 457 919 487 ut
944 465 965 495 χ
991 455 1073 495 431,
1102 456 1168 488 aut
1194 452 1400 500 expergisci
1425 455 1469 488 ut
1495 466 1514 486 ν
1539 454 1598 494 57,

184 511 222 542 Κ
248 511 329 553 124,
358 509 393 545 Ξ
413 511 495 546 256.
1388 540 1392 544 .
1449 541 1451 543 .

304 568 325 603 λ
356 571 425 606 196
449 570 611 613 χαλεπὸν
636 566 666 604 δ’
684 568 751 604 ἐπὶ
779 576 888 617 γῆρας
914 567 1042 605 ἱκάνει.
1094 570 1145 606 Et
1177 573 1300 606 exstat
1333 569 1478 617 quidem
1505 581 1599 605 com-

184 627 345 674 positum
379 640 451 664 uno
486 627 566 664 loco
603 632 641 662 N
663 630 734 665 613
771 626 847 672 ἅμα
881 623 913 662 δ’
931 627 1094 673 ἀλλήλων
1127 625 1309 674 ἐφίκοντο,
1345 627 1448 663 cuius
1478 630 1601 665 tamen

183 686 286 722 notio
321 699 403 722 cum
431 687 481 723 sit
507 687 582 722 alia
608 681 718 734 atque
744 686 847 723 verbi
873 687 951 722 loco
978 686 1185 733 adscripto,
1223 686 1348 722 tmesis
1383 685 1501 732 accipi
1527 697 1599 720 non

183 749 316 793 potest.

303 808 340 839 K
364 806 436 841 499
463 805 526 840 σὺν
551 801 584 839 δ’
602 804 715 852 ἤειρεν
742 803 847 849 ἱμᾶσι
876 805 969 852 (scil.
989 805 1161 850 ἵππους).

307 863 341 897 Ω
366 865 440 901 590
465 864 529 898 σὺν
555 859 585 898 δ’
601 862 736 910 ἵταιροι
765 863 885 912 ’ήειραν
910 862 1077 912 εὖξέστην
1102 859 1162 898 ἐπ’
1180 862 1330 911 ἀπήνην.

283 920 441 959 ‘Nullus
467 926 523 959 est
548 922 673 959 tmesis
699 923 818 965 locus,
855 923 933 960 sive
958 922 996 959 in
1022 935 1131 959 versu
1157 925 1194 957 K
1217 923 1289 960 499
1315 921 1409 958 illud
1436 919 1549 969 ’ἤειρεν
1575 933 1597 956 a

183 981 294 1015 verbo
329 978 414 1027 εἴρω
441 982 519 1016 sive
545 994 567 1017 a
594 983 703 1017 verbo
731 982 840 1028 ἀείρω
866 982 922 1017 vis
950 982 1136 1027 derivare3
1171 994 1326 1028 namque
1362 993 1426 1016 nec
1452 979 1600 1026 συνείρει)

183 1051 247 1075 nec
275 1038 448 1088 συναείρω
485 1040 685 1088 composita
720 1053 873 1088 usquam
908 1044 1055 1078 exstant
1089 1041 1128 1077 in
1162 1040 1339 1086 Homero;
1377 1038 1472 1087 quod
1511 1051 1599 1075 vero

189 1099 219 1132 O
245 1101 317 1135 680
343 1100 510 1134 nonnulli
540 1101 772 1146 Spitznerum
800 1101 916 1136 secuti
942 1101 1072 1145 legunt
1099 1100 1340 1145 συναείρεται,
1377 1112 1459 1134 011111
1484 1098 1599 1144 vulgo

183 1156 367 1193 scribatur
393 1156 648 1204 συναγείρεται,
677 1162 816 1193 certum
841 1157 968 1194 tmesis
995 1156 1214 1193 statuendae
1240 1156 1494 1192 documentum
1512 1167 1600 1191 sane

183 1228 255 1250 non
281 1220 346 1252 est.
403 1217 540 1253 Contra
567 1230 595 1250 ω
625 1219 693 1253 165
721 1218 783 1251 σὺν
808 1210 874 1261 μὲν
905 1217 1102 1265 Τηλεμάχῳ
1129 1212 1236 1260 τεύχε’
1254 1215 1396 1262 ἀείρας,
1433 1215 1495 1249 σύν
1520 1227 1599 1250 mea

183 1274 330 1321 quidem
360 1275 543 1312 sententia
569 1276 792 1323 praepositio
820 1279 886 1311 est.

301 1336 339 1367 K
364 1336 409 1370 42
438 1335 561 1376 κενεὰς
587 1335 649 1369 σὺν
673 1337 796 1381 χεῖρας
823 1333 969 1378 ἔχοντες.

302 1393 373 1428 Est
416 1393 473 1428 vis
516 1393 619 1428 verbi
662 1393 851 1439 compositi
900 1392 1158 1433 intransitiva,
1204 1403 1354 1426 sonans:
1407 1391 1594 1436 cohaereo;

182 1449 228 1485 cf.
250 1451 285 1483 ῌΙ
312 1454 399 1496 133,
435 1453 467 1485 Υ
488 1453 580 1494 415,
618 1453 689 1488 478
726 1464 805 1487 cum
841 1451 919 1486 loco
952 1450 1136 1498 adscripto
1170 1449 1270 1485 notio
1305 1448 1409 1485 verbi
1435 1460 1521 1485 sane
1547 1448 1597 1484 sit

181 1510 400 1556 transitiva,
428 1511 554 1547 nullus
582 1515 637 1547 est
662 1511 783 1558 igitur
807 1510 932 1546 tmesis
959 1510 1069 1546 locus.

303 1568 324 1610 ξ
350 1571 421 1606 296
448 1570 508 1604 ἵνα
535 1567 568 1604 οἳ
597 1570 660 1604 σὺν
686 1569 819 1615 φόρτον
846 1567 981 1614 ἄγοιμι.

300 1626 356 1664 Ne
374 1628 440 1664 hoc
459 1628 604 1676 quidem
624 1628 701 1664 loco
720 1618 871 1675 propter
890 1627 1072 1663 diversam
1086 1626 1277 1675 compositi
1294 1626 1397 1663 verbi
1410 1625 1597 1663 notionem

180 1686 305 1721 tmesis
332 1691 428 1723 recte
454 1691 576 1734 potest
602 1688 728 1735 accipi.
783 1688 899 1723 Sonat
924 1687 1038 1723 enim:
1076 1699 1231 1722 convoco
1258 1690 1293 1720 Z
1317 1689 1374 1730 87,
1402 1686 1448 1722 cf.
1469 1699 1485 1721 ε
1511 1687 1595 1722 291.

180 1744 396 1782 Translate:
434 1746 471 1791 a)
501 1758 655 1792 congero
684 1747 718 1780 Γ
739 1747 829 1790 269,
868 1745 1052 1782 committo
1079 1756 1260 1793 pugnam,
1295 1756 1423 1781 manus
1450 1756 1595 1780 consero

180 1806 215 1837 Ξ
236 1807 319 1846 448,
348 1807 391 1837 Π
415 1807 496 1845 764,
525 1806 556 1838 Ε
581 1806 662 1846 891,
692 1805 726 1837 Ξ
751 1805 831 1845 149,
859 1805 892 1836 B
918 1806 1001 1844 381,
1035 1806 1069 1836 Τ
1091 1806 1171 1838 275.
1209 1803 1270 1837 An
1297 1803 1519 1849 praepositio
1544 1803 1597 1837 sit

179 1862 304 1910 potius
331 1861 567 1910 accipienda?

296 1924 328 1956 E
352 1925 423 1959 369
447 1938 487 1953 z
515 1925 551 1956 N
576 1925 622 1958 35
657 1923 758 1967 παρὰ
785 1917 816 1955 ὁ)
834 1921 1029 1967 ἀμβρόσιον
1054 1921 1163 1965 βάλεν
1200 1916 1318 1966 εἶδαρ,
1358 1934 1380 1955 κ
1405 1922 1477 1956 242
1518 1920 1596 1967 πάρ
1627 1952 1630 1955 ,

179 1976 208 2027 ῥ’
226 1980 359 2016 ἄκυλον
383 1980 540 2025 βάλανόν
566 1976 595 2014 τ’
612 1980 746 2024 ἔβαλεν,
777 1981 798 2015 δ
824 1984 869 2017 41
900 1981 977 2026 πὰρ
1004 1976 1034 2015 δ’
1051 1980 1180 2025 ἔβαλον
1206 1979 1314 2023 ζειάς.

299 2041 382 2076 Uno
408 2043 556 2076 tantum
590 2039 667 2076 loco
701 2040 891 2076 invenitur
922 2041 1072 2075 verbum
1106 2039 1343 2086 compositum
1368 2041 1390 2073 I
1412 2042 1482 2076 322
1510 2039 1597 2086 ἐμὴν

182 2100 297 2146 ψυχὴν
323 2098 650 2145 παραβαλλόμενος
673 2097 895 2142 πολελιιίζειν,
923 2099 1026 2134 cuius
1048 2098 1149 2133 notio
1168 2110 1190 2133 a
1209 2097 1475 2144 significatione
1493 2097 1597 2132 verbi

179 2157 268 2193 locis
297 2157 493 2205 adscriptis
519 2168 605 2192 sane
632 2156 805 2192 abhorret
831 2156 949 2203 plane.
1006 2154 1123 2200 Quam
1150 2156 1194 2190 ob
1220 2167 1294 2191 rem
1321 2155 1365 2190 de
1390 2154 1497 2191 tmesi
1523 2166 1596 2190 non

178 2219 235 2252 est-
261 2216 506 2262 cogitandum.

297 2278 340 2309 sl
364 2278 435 2311 512
463 2278 535 2310 σῶν
561 2274 669 2318 ὀχέων
695 2273 885 2322 ἐπιβήσεο,
920 2276 996 2321 πὰρ
1024 2272 1062 2308 δὲ
1090 2273 1255 2317 Μαχάων
1279 2272 1432 2318 βαινέτω
1459 2276 1496 2310 et
1522 2275 1592 2309 517

178 2331 228 2368 ὧν
254 2333 363 2377 ὀχέων
389 2333 600 2381 ἐπεβήσετο,
630 2334 708 2380 πὰρ
736 2332 774 2367 δὲ
801 2333 966 2377 ΙΙΙαχάων
991 2328 1084 2378 βαῖν’
1138 2332 1259 2368 Tmesi
1285 2331 1502 2369 statuendae
1527 2330 1595 2367 hoc

178 2396 325 2428 tantum
352 2392 497 2428 officere
524 2392 689 2434 videtur,
728 2392 823 2439 quod
860 2392 1010 2427 verbum
1037 2391 1440 2438 compositumsemper
1466 2390 1594 2426 dativo

178 2451 398 2497 adiungitur
424 2451 469 2486 cf.
489 2453 532 2484 Λ
556 2453 628 2486 522
649 2448 790 2495 Ἕκῑορι
822 2450 1068 2496 παραβεβαώς
1094 2454 1130 2485 et
1162 2450 1192 2484 O
1212 2452 1281 2485 708
1308 2461 1389 2484 cum
1415 2448 1506 2483 locis
1532 2448 1593 2483 ad-
