1801 2776
0 156 43 184 ²:··=.
66 162 74 194 '⁷
104 178 106 180 V
131 154 265 230 genera
289 177 546 227 dispertiemus
572 183 682 222 atque
707 173 756 218 id,
784 173 879 221 quod·
906 174 1078 221 ‘miugque
1103 173 1246 220 generis
1264 171 1453 220 Proprium
1469 174 1536 213 eSt’

130 252 198 277 suo
220 238 299 274 loco
324 235 541 273 notabimus.
800 280 803 282 q

228 298 285 333 Ae
301 295 459 344 primum
477 307 537 331 eos
553 292 778 341 proferemus
795 292 903 333 locos,
931 292 1062 339 quibus
1082 291 1179 327 inter
1196 292 1347 327 verbum
1364 290 1404 327 in
1429 288 1535 326 tmesi

129 369 222 405 quae
247 355 386 391 dicitur
409 353 569 401 positum
586 355 624 388 et
641 351 735 388 idem
753 352 904 387 verbum
921 363 1001 386 cum
1018 350 1286 397 praepositione
1303 349 1535 388 coniunctum

129 415 289 455 notionis
313 411 578 460 locutionisque
610 409 812 451 similitudo
839 409 1015 457 quaedam
1041 408 1235 445 intercedit
1260 412 1304 445 ut
1331 410 1362 444 Σ
1386 410 1457 445 203
1483 420 1534 455 sq.

130 475 226 522 ἀμφὶ
260 469 291 509 δ’
308 471 443 520 Αθήνη
474 469 588 515 ὤμοις
614 468 806 515 ἰφθίμοισι
832 465 912 513 βάλ’
939 467 1064 514 αἰγίδα
1098 467 1177 514 (ubi
1209 479 1275 515 pro
1311 466 1406 513 ἀμφί
1444 467 1537 502 falso

109 534 213 582 ·Sy1·.v
232 531 346 577 αὐτάρ
371 528 527 575 scribit).

246 601 274 637 φ
300 591 373 625 433
399 585 495 633 αμφὶ
521 585 560 621 δὲ
583 587 684 632 χεῖρα
702 597 741 632 φ.
759 584 867 630 βάλεν
893 583 995 630 ἔγχει,
1019 598 1040 632 η
1063 586 1131 620 142
1159 583 1253 630 ἀμφὶ
1272 579 1302 618 ‹5‘
1320 580 1374 629 ἄρ’
1391 583 1537 631 Ἀρήτης

127 648 217 695 βάλε
243 647 387 694 γούνασι
412 648 535 693 χεῖρας
550 641 751 691 Odoacrem,
778 651 812 691 ψ
829 647 898 681 207
927 657 977 692 sq.
1006 643 1098 690 ἀμφὶ
1120 643 1159 679 δὲ
1176 646 1297 690 χεῖρας
1315 643 1435 691 δειρῇ
1433 638 1535 678 Βάλλ

127 705 286 754 Ὀδυσῆι.

247 765 318 802 His
343 764 432 801 locis
458 776 561 800 nemo
587 763 629 799 de
654 762 761 799 tmesi
796 765 919 811 potest
946 761 1123 809 cogitare3
1156 774 1311 810 namque
1345 765 1381 798 et
1415 760 1536 797 tenuis

94 836 95 839 ’
128 827 185 861 est
209 823 313 860 verbi
338 822 528 874 compositi
553 834 641 857 usus
668 824 705 857 et
729 820 787 856 vis
804 825 914 868 atque
933 820 1070 856 locutio
1088 820 1165 856 eius
1182 820 1290 867 plane
1307 823 1363 856 est
1385 820 1430 855 ab
1449 819 1537 855 loeis

128 895 240 930 supra
265 882 461 930 adscriptis
487 881 643 924 diversa,
670 885 712 917 ut
739 881 903 929 exempla
929 881 1178 917 demonstrant
1197 881 1304 917 haec:
1333 887 1366 927 ψ
1390 882 1459 917 192
1486 882 1536 925 τῷ

127 941 221 989 (scil.
238 941 370 987 θάμνῳ
396 940 535 988 ἐλαίης)
571 936 601 975 δ’
626 940 695 986 ἐγὼ
731 939 947 986 ἀμφιβαλὼν
977 939 1146 984 θάλαμον
1172 939 1289 984 δέμον.
1319 942 1351 973 Ρ
1367 942 1436 975 742
1455 952 1536 984 κρα-

129 1000 230 1046 τερὸν
254 999 361 1043 μένος
387 998 657 1044 ἀμφιβαλόντες
683 998 776 1045 (scil.
797 997 943 1045 ἡμίονι).
994 1000 1030 1031 Ψ
1051 1000 1095 1034 97
1131 996 1287 1041 μίνυνθά
1320 1011 1391 1043 περ
1427 997 1536 1042 ἀμφι-

124 1057 277 1104 βαλόντε
304 1056 480 1105 ἀλλήλους
505 1056 776 1104 τεταρπώμεθα
803 1055 912 1102 γόοιο.

244 1115 374 1151 Potius
394 1128 566 1162 agnosces
585 1116 743 1151 notionis
762 1115 1049 1152 similitudinem.
1069 1116 1099 1150 si
1115 1115 1222 1156 locos,
1239 1115 1369 1161 quibus
1384 1115 1533 1150 verbum

127 1173 281 1221 simplex
306 1186 388 1209 cum
413 1172 679 1221 praepositione
705 1176 760 1209 est
787 1172 1028 1215 coniunctum,
1058 1185 1137 1208 cum
1159 1172 1235 1207 illis
1256 1172 1454 1210 contuleris
1471 1176 1532 1207 ut:

77 1228 79 1230 V
125 1233 148 1268 δ
173 1235 243 1269 245
270 1234 407 1278 σπεῖρα
432 1227 510 1267 κάκ’
525 1227 613 1278 ἄμφ’
631 1230 761 1276 ὤμοισι
787 1231 919 1276 βαλών,
946 1230 966 1274 ξ
984 1234 1051 1268 341
1082 1230 1176 1278 ἀμφὶ
1196 1230 1236 1266 δέ
1251 1244 1296 1276 με
1314 1231 1424 1277 ῥάκος
1443 1231 1532 1267 ἄλλο

126 1291 236 1326 κακὸν
253 1291 365 1336 βάλον
383 1290 445 1338 ἠδὲ
460 1293 603 1334 χιτῶνα,
631 1292 662 1324 Ε
679 1293 748 1326 722
767 1290 880 1325 κύκλα
899 1286 987 1336 ἀμφ’
1006 1289 1142 1334 ὀχέεσσι
1162 1294 1199 1325 et
1219 1291 1374 1337 saepius,
1401 1291 1532 1338 quibus

125 1349 237 1387 etiam
263 1348 500 1386 conferendae
526 1352 612 1384 sunt
636 1348 838 1385 locutiones
872 1347 1009 1384 similes
1044 1347 1203 1385 eiusdem
1229 1348 1331 1385 verbi
1357 1348 1532 1396 simplicis

126 1422 208 1445 cum
233 1407 568 1456 praepositionibus
594 1407 678 1442 aliis
705 1407 899 1442 coniuncti.

251 1468 282 1500 Y
307 1469 377 1503 150
412 1464 507 1512 ἀμφὶ
535 1460 566 1500 δ’
583 1461 637 1512 ἄρ’
654 1464 830 1513 ἄρρηκτον
856 1464 1005 1513 νεφέλην
1030 1464 1161 1509 ὤμοισι.
1191 1464 1329 1502 ἕσαντο.
1392 1465 1531 1502 Tmesis

124 1525 241 1562 statui
267 1538 340 1562 non
365 1529 505 1573 potest3
532 1537 686 1572 namque
711 1527 754 1560 ut
781 1524 959 1570 omittam,
988 1524 1083 1572 quod
1101 1524 1138 1560 in
1157 1524 1275 1560 Iliade
1293 1525 1530 1573 compositum

123 1583 268 1618 omnino
299 1595 372 1619 non
405 1583 593 1619 invenitur
623 1584 761 1630 (exstat
793 1583 1012 1630 aliquotiens
1047 1583 1086 1617 in
1121 1583 1318 1631 Odyssea),
1354 1596 1533 1631 nusquam

124 1641 270 1685 dicitur,
301 1642 396 1689 quod
423 1642 555 1678 sciam„
582 1654 645 1677 nec
671 1641 711 1676 in
736 1653 866 1689 genere
891 1641 1013 1678 activo
1039 1653 1103 1677 nec
1129 1641 1167 1677 in
1194 1641 1310 1677 medio
1346 1641 1533 1689 ἀμφιέννυ-

122 1699 192 1744 μαί
217 1699 287 1735 τινί
314 1714 360 1735 τι.
399 1700 444 1736 cf.
462 1713 479 1735 ε
509 1703 587 1744 167,
617 1702 707 1744 264;
736 1711 758 1734 σ
785 1702 866 1742 361,
895 1713 914 1734 o
940 1702 1021 1744 369,
1053 1706 1083 1744 ψ
1112 1703 1191 1741 131,
1222 1703 1310 1746 142,
1348 1705 1385 1737 et
1411 1705 1531 1738 tamen

124 1758 212 1795 haec
236 1759 360 1795 eadem
387 1759 488 1796 verbi
515 1759 704 1806 compositi
739 1758 976 1795 conformatio
1011 1759 1165 1795 debebat
1199 1760 1335 1796 alicubi
1360 1761 1527 1802 inveniri,

123 1819 157 1854 si
181 1823 277 1856 recte
302 1823 425 1868 posset
459 1820 502 1855 de
528 1820 634 1856 tmesi
661 1819 830 1866 cogitari.
861 1819 916 1855 At
943 1819 1092 1867 propius
1118 1819 1165 1855 ad
1192 1819 1411 1856 locutionem
1430 1820 1531 1856 verbi

125 1878 171 1913 ab
197 1878 370 1914 adverbio
397 1877 569 1925 dirempti
587 1877 727 1913 accedit
744 1876 898 1924 simplex
916 1889 997 1912 cum
1015 1877 1282 1924 praepositione
1299 1878 1529 1914 coniunctum

122 1939 167 1972 ut
191 1939 229 1971 K
255 1939 322 1973 177
351 1934 370 1971 ὃ
398 1932 428 1971 δ’
447 1932 536 1982 ἀμφ’
553 1934 705 1980 ὤμοισιν
732 1933 882 1971 ἑέσσατο
909 1934 1022 1982 δέρμα
1048 1934 1208 1979 λέοντος,
1245 1940 1282 1972 et
1309 1936 1360 1973 sic
1387 1937 1529 1984 saepius

121 2006 203 2029 cum
228 1995 494 2042 praepositione
522 1994 608 2040 περί
634 1994 692 2030 vel
720 1993 789 2029 soli
815 1993 941 2029 dativo
968 1993 1180 2030 adiunctum
1207 1994 1346 2040 legitur
1371 1999 1414 2031 ut
1431 2008 1451 2029 τ
1471 1998 1526 2038 72,

122 2058 156 2100 ψ
184 2055 263 2096 115,
297 2056 331 2088 T
352 2055 434 2097 223,
467 2053 497 2088 Ο
523 2054 603 2090 308.

146 2116 149 2119 ’
238 2114 276 2146 Κ
300 2115 369 2148 257
391 2127 431 2143 =
449 2114 517 2148 261
547 2111 638 2157 ἀμφὶ
668 2110 709 2145 δέ
734 2109 766 2145 οἱ
793 2110 917 2157 κυνέην
942 2112 1146 2158 κεφαλῆφιν
1172 2110 1313 2158 ἔθηκεν.
1341 2126 1360 2146 ν
1385 2115 1454 2148 431
1475 2125 1527 2159 sq.

122 2167 217 2215 ἀμφὶ
243 2169 283 2205 δὲ
308 2169 421 2216 δέρμα
440 2170 616 2205 πάντεσσι
633 2168 795 2214 μελέεσσι
817 2170 978 2204 παλαῖον
1002 2171 1105 2217 θῆκε.
1134 2169 1358 2217 Quamquam
1379 2171 1528 2207 verbum

123 2230 359 2276 compositum
387 2229 527 2266 duobus
552 2233 697 2265 tantum
723 2231 846 2265 exstat
863 2228 953 2265 locis
970 2229 1023 2276 (K
1039 2231 1107 2266 271
1137 2227 1241 2277 κυνέη
1270 2228 1526 2277 ἅμφιτιθεῖσα,

120 2298 149 2333 φ
175 2289 245 2324 431
284 2287 473 2335 ἀμφέθετο
500 2287 622 2335 ξίφος)
656 2300 720 2324 nec
757 2288 800 2323 ob
835 2299 914 2323 eam
945 2300 1020 2324 rem
1054 2287 1145 2324 satis
1179 2291 1275 2324 certe
1312 2287 1460 2324 videtur
1486 2288 1530 2323 de

122 2343 211 2382 locis
244 2346 322 2383 illis
355 2347 551 2394 adscriptis
576 2359 680 2394 posse
705 2346 881 2392 iudicari,
915 2350 1036 2383 tamen
1069 2360 1141 2383 non
1167 2347 1361 2388 habemus,
1396 2359 1460 2383 cur
1486 2347 1529 2383 de

121 2404 227 2439 tmesi
261 2406 473 2452 cogitemus.
526 2406 692 2453 Namque
718 2419 799 2442 cum
826 2406 1015 2454 compositi
1042 2407 1143 2443 notio
1170 2407 1260 2442 mihi
1285 2419 1358 2442 non
1384 2418 1426 2442 ea
1452 2419 1529 2442 esse

120 2460 300 2507 videatur,
330 2476 421 2511 quae
438 2468 494 2501 est
513 2464 618 2500 verbi
636 2477 715 2500 cum
734 2465 907 2501 adverbio
927 2464 1049 2513 positi,
1077 2465 1253 2513 simplicis
1272 2464 1374 2501 verbi
1392 2464 1528 2500 locutio
