1801 2720
1388 81 1512 114 XXVII

100 169 482 221 Batgach-lSSzr-ddff
497 171 609 210 ἔπεσε
623 173 779 222 πρηνής,
836 172 881 210 cf.
910 174 947 207 Ψ
970 176 1037 211 727
1064 174 1136 210 κὰδ
1161 170 1191 209 δ’
1218 170 1320 210 ἔπι-τέ
1336 175 1509 224 ἐξοπίσω.

148 233 300 276 ἁπαλὰς
333 229 366 268 δ’
382 230 584 269 ἐκόντισσεν
615 229 773 281 ἐθείρας.
884 235 927 268 Λ
950 235 1022 270 676
1047 234 1117 269 κὰδ
1141 230 1175 269 δ’
1191 233 1330 271 ἔπεσεν.
1373 237 1417 279 ΙΙ
1437 237 1509 274 469

373 305 375 307 ’
884 292 954 334 κὰδ
979 287 1011 327 δ’
1029 288 1131 328 ἔπεσ’
1147 293 1184 329 ἐν
1208 292 1349 342 κονίῃσι
1385 295 1511 339 μακών

883 350 1039 398 aliisque
1064 350 1200 387 similia
1225 351 1325 388 locis.

753 429 862 465 Meni

100 498 313 546 adverbium
340 510 421 535 cum
447 497 569 544 verbis
603 497 836 544 coniunctum
869 497 1009 545 legitur
1043 497 1082 533 in
1107 497 1225 534 Iliade
1259 501 1297 534 et
1323 498 1508 548 Odyssea:

98 558 232 602 tricies.
248 556 424 593 Omnibus
437 557 537 602 locis,
557 558 690 606 quibus
706 557 838 594 vocula
855 557 947 603 μετά
961 569 1042 593 cum
1055 559 1167 594 verbo
1181 556 1303 593 εἰπεῖν
1318 558 1511 595 coniuncta

98 621 154 655 est
178 619 222 653 ut
251 618 287 651 Γ
307 618 354 654 86
373 612 518 663 “Ἐκτωρ
543 615 584 652 δὲ
608 612 685 662 μετ’
699 615 937 664 ἀμφοτέροισι
964 615 1095 660 ἔειπεν,
1123 628 1189 663 pro
1215 615 1388 652 adverbio
1407 616 1510 653 illam

99 675 315 724 accepimus,
351 675 507 713 maxime
531 676 690 713 notabili
715 675 784 712 illa
808 675 992 712 locutione
1018 675 1205 720 commoti,
1239 688 1331 723 quae
1357 675 1510 724 speciem

97 734 277 771 formulae
314 733 500 770 cuiusdem
534 733 663 780 refert3
703 737 820 770 artem
855 733 950 769 enim
986 733 1265 780 grammaticam
1299 733 1339 768 in
1377 733 1445 769 hac
1470 746 1509 770 re

98 792 332 837 diiudicanda
364 792 458 828 nihil
484 793 676 840 proficere,
711 793 785 829 iam
819 791 916 828 vidit
948 791 987 828 C.
1004 791 1305 836 Mutzbauer,
1343 804 1439 829 unus
1464 805 1509 829 ex

98 851 308 889 auctoribus
332 850 441 888 lexici
466 852 512 888 ab
535 850 732 898 Ebelingio
750 850 842 887 editi
860 850 922 897 (cf.
940 850 1008 886 hoc
1025 850 1167 886 lexicon
1184 850 1223 886 in
1241 851 1374 900 vocula
1388 851 1508 898 μετά).

97 913 141 948 In
166 910 317 947 Hesiodi
344 910 565 948 carminibus
589 910 729 959 legitur
753 914 828 957 ter3
856 911 896 947 in
920 910 1068 960 hymnis
1093 910 1297 948 Homericis
1323 910 1389 948 bis.

97 981 163 1028 Op.
191 982 229 1017 et
254 979 289 1015 d.
312 980 384 1016 416
420 979 535 1027 Ζηνὸς
557 978 770 1026 ἐρισθενέος.
833 982 872 1013 Ν
902 981 972 1016 279
1011 984 1075 1014 τοῦ
1111 977 1178 1024 μὲν
1215 979 1282 1026 γάρ
1320 992 1359 1015 τε
1397 986 1510 1016 κακοῦ

144 1039 237 1083 μετὰ
259 1037 300 1074 δὲ
318 1037 492 1085 τρέπεται
504 1038 652 1084 βρότεος
663 1038 767 1086 χρώς.
881 1037 1056 1086 τρέπεται
1089 1040 1184 1086 χρὼς
1218 1037 1367 1081 ἄλλυδις
1404 1038 1506 1088 ἄλλῃ.

882 1097 927 1133 cf.
945 1098 1061 1134 N284
1080 1099 1228 1144 P733qo
1241 1100 1322 1134 412.
1345 1098 1507 1146 Simplex

879 1156 1030 1192 verbum
1070 1155 1108 1191 in
1158 1156 1342 1192 locutione
1383 1156 1505 1193 eadem

880 1205 1060 1253 Homerus
1086 1219 1252 1263 usurpat.

99 1272 234 1320 Theog.
254 1275 300 1311 92
326 1273 419 1317 μετὰ
445 1271 485 1308 δὲ
512 1272 650 1320 πρέπει
669 1273 770 1322 ἀγρο-
830 1273 875 1310 cf.
905 1286 927 1309 σ
953 1277 974 1312 2
1007 1275 1100 1319 μετὰ
1133 1270 1166 1309 δ’
1183 1274 1325 1323 ἔπρεπε
1360 1274 1504 1322 γαστέρι

144 1332 295 1375 μένοισι.
877 1333 1005 1380 μάργῃ.

96 1390 230 1438 Theog.
250 1392 320 1428 607
348 1384 379 1438 ᾦ
396 1386 427 1425 δ’
444 1388 529 1427 αὖτε
547 1391 662 1442 γᾴμου
678 1392 770 1436 μετὰ
830 1389 935 1427 Nihil
961 1391 1079 1428 simile
1097 1391 1135 1427 in
1162 1392 1322 1428 Homero
1346 1391 1504 1436 invenio.

145 1452 255 1496 μοῖρα
282 1448 437 1497 γένηται.

95 1507 132 1543 h.
150 1508 260 1556 Apol.
278 1507 319 1543 11
339 1510 407 1544 132
433 1505 496 1555 ἠδὲ
529 1506 594 1542 καὶ
625 1507 772 1555 ἄγρομέ-
803 1521 805 1525 ·
832 1522 864 1542 π
891 1510 962 1544 336
989 1507 1097 1555 κῆρυξ
1120 1507 1185 1553 μέν
1205 1511 1250 1555 ῥα
1266 1507 1396 1556 μέσῃσι
1414 1510 1505 1552 μετὰ

145 1578 237 1602 νοισι
263 1562 340 1611 μετ’
356 1566 577 1602 ἀθανάτοισι
603 1565 715 1603 ἔειπε.
881 1566 1021 1613 δμωῇσι
1048 1565 1181 1603 ἔειπεν.

96 1624 131 1660 h.
152 1625 230 1661 Cer.
250 1627 320 1662 441
348 1627 431 1667 ταῖς
455 1624 505 1676 ,δὲ
529 1621 604 1670 μετ’
622 1624 770 1672 ἄγγελον
829 1624 1003 1671 Legimus
1030 1625 1174 1672 quidem
1199 1625 1238 1662 in
1264 1626 1382 1663 Iliade
1408 1627 1505 1663 simi-

146 1681 209 1730 ἧκε
229 1683 465 1731 βαρύκτυπος
482 1683 642 1731 εὐρύοπα
666 1684 766 1726 Ζεύς.
878 1683 966 1720 liter
1003 1687 1048 1719 A
1071 1687 1117 1722 48
1153 1687 1245 1730 μετὰ
1277 1681 1308 1721 δ’
1323 1685 1379 1722 ἰὸν
1404 1685 1505 1736 ἕηκεν

882 1744 914 1778 Θ
941 1745 987 1780 76
1031 1741 1093 1791 ἧκε
1136 1743 1243 1787 σέλας
1279 1746 1371 1790 μετὰ
1406 1745 1502 1789 λαόν,

879 1801 941 1837 sed
991 1814 1169 1849 nusquam
1220 1802 1399 1841 Homerus
1458 1804 1502 1840 de

878 1860 1007 1896 nuntio
1032 1860 1210 1897 mittendo
1236 1862 1375 1910 pariter
1411 1861 1501 1898 dicit

877 1922 987 1967 atque
1024 1919 1102 1956 loco
1136 1920 1320 1967 adscripto
1350 1920 1499 1967 legitur,

879 1978 940 2015 sed
975 1980 1126 2015 verbum
1160 1976 1252 2015 ἱέναι
1286 1982 1352 2015 aut
1385 1979 1502 2015 solum

877 2037 981 2085 ponit
1016 2040 1082 2072 aut
1116 2049 1238 2072 casum
1272 2036 1438 2072 dativum
1468 2037 1502 2073 ei

877 2095 1067 2142 adiungit;
1087 2095 1288 2131 cuiusmodi
1304 2095 1376 2131 loci
1392 2099 1500 2132 sunt:

875 2158 920 2188 A
945 2156 1015 2191 195
1062 2167 1081 2190 ο
1106 2156 1178 2192 458
1226 2167 1254 2200 φ
1280 2157 1325 2191 21
1375 2157 1408 2189 Σ
1433 2157 1500 2192 182

876 2215 919 2246 Λ
944 2215 1013 2250 208
1052 2213 1086 2246 Ω
1111 2215 1182 2249 375
1205 2215 1238 2247 Β
1265 2214 1335 2250 309
1368 2226 1390 2248 κ
1431 2216 1500 2251 159

881 2273 913 2307 Θ
938 2274 1007 2309 247
1037 2272 1070 2305 Ω
1096 2274 1167 2308 315
1193 2274 1231 2306 Κ
1254 2274 1337 2309 274.

743 2342 805 2376 Πα
829 2341 853 2377 ά

92 2402 305 2442 adverbium
330 2419 410 2442 eum
438 2392 558 2450 verbis
585 2355 828 2446 coniunctum?
842 2410 1030 2446 invenitur
1064 2410 1103 2446 in
1128 2410 1247 2448 Iliade
1271 2415 1310 2448 et
1337 2413 1501 2461 Odyssea

91 2464 264 2511 sexagies.
293 2478 314 2513 y
337 2467 411 2504 490
436 2466 518 2515 lego
546 2465 586 2504 οἳ
608 2466 648 2504 δὲ
674 2470 753 2511 τοῖς
779 2471 855 2517 πὰρ
880 2468 994 2512 ξείνια
1025 2471 1139 2518 θῆκεν
1164 2470 1199 2518 (ὁ
1227 2466 1261 2507 δ’
1277 2469 1347 2518 ἄρα
1364 2471 1500 2521 ξεινήια
