1801 2720
1452 59 1542 90 XXV

135 157 170 193 h.
200 154 275 191 VII
317 155 365 191 24
388 148 493 200 ’ὄρσῃ
530 147 591 187 ἐπ’
616 150 812 199 ἀργαλέους
869 151 914 187 cf.
933 165 958 196 μ
986 154 1057 188 313
1082 150 1192 199 ὦρσεν
1218 152 1283 188 ἔπι
1309 152 1397 201 ζαῆν
1414 151 1543 196 ἄνεμον

183 209 214 249 τ’
227 211 380 257 ἀνέμους
392 211 457 246 καὶ
470 209 641 245 λαίλαπα
655 210 808 259 πολλήν.
917 224 945 244 ν.
970 209 1062 250 Ζεύς
1069 238 1080 254 ‚
1125 224 1141 245 ε
1173 213 1243 247 385
1286 210 1375 257 ὦρσε
1416 208 1448 246 δ’
1477 211 1541 246 ἔπι

918 268 1096 315 κραιπνὸν
1145 267 1284 316 βορέην.
1337 269 1382 305 cf.
1414 282 1430 304 ε
1471 270 1542 305 366

922 329 968 360 Μ
989 328 1059 363 252
1086 330 1107 361 Ι
1128 329 1210 363 539.

134 390 169 426 11.
213 386 291 423 VII
334 388 380 422 41
440 384 571 421 ἄνθεσι
622 383 810 433 τηλεθάων
870 383 1028 420 Notione
1050 384 1290 420 intransitiva
1315 385 1465 421 verbum
1491 383 1544 430 ὄρ-

181 443 319 491 χαρίεις
353 440 384 480 δ’
401 443 467 480 ἐπὶ
502 444 647 491 καρπὸς
671 442 807 493 ὀρώρει.
919 457 1001 488 νυμι
1043 445 1089 480 ab
1132 444 1290 480 Homero
1341 444 1413 479 nisi
1463 456 1545 479 eum

666 519 669 522 ¹
918 502 1068 539 vocibus
1094 502 1347 550 personalibus
1381 501 1546 537 coniunc-

918 563 999 596 tum
1015 573 1086 596 non
1104 564 1317 607 usurpatur.
1345 560 1391 595 cf.
1413 561 1448 593 Ψ
1465 562 1543 601 112,

920 621 1002 662 689,
1032 621 1102 657 759
1127 633 1153 664 μ
1181 621 1250 655 471
1281 618 1302 661 ξ
1329 621 1408 656 104.

134 681 168 717 h.
188 677 341 715 XXVII
360 679 379 714 '7
401 677 552 725 ὑψηλῶν
569 676 687 724 ὀρέων,
714 676 808 723 ἰάχει
870 677 1023 726 Saepius
1056 677 1207 713 verbum
1242 675 1333 722 ἰάχω
1365 677 1546 713 Homerus

184 734 214 773 δ’
231 737 298 773 ἐπὶ
325 736 476 777 δάσκιος
500 736 576 784 ὕλη.
918 750 998 773 cum
1070 737 1221 773 vocibus
1295 736 1544 784 personalibus

918 795 1108 843 coniungit
1138 795 1312 832 adverbio
1331 793 1399 830 ἐπὶ
1416 794 1543 830 addito

917 855 1075 902 itemque
1118 867 1199 890 cum
1249 854 1455 890 nominibus
1499 860 1542 890 ut

917 917 1023 959 κῦμα,
1051 911 1161 958 ὄχθαι
1189 913 1316 962 πέτρη.

786 971 893 1007 Κατά

134 1029 352 1065 adverbium
381 1041 462 1065 cum
496 1030 618 1065 verbis
636 1030 882 1078 'coniunctum
916 1030 1056 1076 legitur
1084 1030 1123 1065 in
1148 1030 1265 1066 Iliade
1291 1034 1329 1066 et
1355 1030 1540 1078 Odyssea:

136 1087 323 1124 ducenties
349 1086 477 1124 sexies.
535 1089 567 1123 Θ
591 1090 639 1125 50
665 1100 745 1123 cum
779 1088 870 1124 Rza
879 1087 981 1124 chio
1007 1088 1101 1124 κατά
1127 1088 1320 1135 legendum
1346 1101 1423 1125 esse
1449 1092 1539 1136 puto

135 1146 237 1194 (περί
262 1147 334 1193 D);
370 1147 482 1183 etiam
513 1149 549 1182 Ψ
571 1150 640 1184 341
667 1148 750 1194 lego
777 1147 872 1182 κατά
905 1147 984 1194 (σύν
1007 1147 1137 1183 Julian
1165 1147 1225 1184 Or.
1245 1148 1316 1190 ΙΙΙ,
1346 1161 1379 1195 p.
1402 1151 1468 1185 122
1479 1148 1540 1193 d.).

143 1207 178 1239 Ψ
201 1207 268 1242 167
297 1218 378 1242 cum
403 1205 610 1242 Rzachio
637 1205 728 1241 ἔνθα
754 1205 865 1253 (κατά
891 1218 942 1253 γρ.
961 1205 1071 1242 schol.
1091 1209 1135 1240 A
1158 1206 1210 1242 sic
1236 1206 1354 1253 dett).
1404 1208 1434 1242 O
1459 1209 1540 1250 237,

138 1266 208 1301 384
234 1267 273 1299 Ν
296 1267 365 1302 737
403 1277 482 1301 mea
518 1265 660 1312 quidem
697 1264 879 1301 sententia
913 1265 1197 1312 praepositiones
1235 1269 1331 1302 sunt.
1383 1265 1427 1301 In
1467 1278 1541 1301 car-

138 1322 295 1358 minibus
344 1323 497 1360 Hesiodi
548 1324 755 1366 duodecies,
814 1323 854 1358 in
901 1322 1049 1371 hymnis
1095 1324 1299 1360 Homericis
1354 1324 1543 1360 duodecies

137 1384 321 1429 assumpto
359 1394 469 1419 versu
506 1382 542 1418 h.
569 1382 678 1419 Mero.
709 1384 773 1425 78,
818 1393 923 1429 quem
961 1394 1042 1418 una*
1082 1395 1162 1418 cum
1204 1394 1239 1417 v.
1270 1385 1314 1419 77
1353 1382 1542 1418 damnavit

133 1438 373 1477 Hermannus.

135 1497 270 1546 Theog.
289 1500 361 1535 616
392 1498 455 1534 καὶ
485 1500 676 1546 πολύιδριν
701 1499 806 1535 ἔοντα

181 1555 294 1602 μέγας
319 1559 415 1592 κατὰ
441 1557 573 1602 δεσμὸς
598 1558 724 1606 ἐρύκει.
746 1571 748 1573 ’

135 1672 269 1721 Theog.
307 1674 378 1712 716
432 1662 615 1722 (nemag)
656 1673 808 1720 πέμπον

182 1731 442 1780 ἐπασσυτέρας,
470 1735 564 1769 κατὰ
587 1730 617 1769 δ’
634 1734 807 1770 ἐσκίασαν

180 1791 341 1836 βελέεσσι
373 1796 540 1841 Τιτῆνας.

133 1849 228 1885 Scut.
264 1853 334 1888 243
385 1853 479 1887 κατὰ
526 1848 559 1886 δ’
586 1851 806 1899 ἐδρύπτοντο

106 1914 108 1916 ’
183 1910 339 1955 παρειάς
368 1911 574 1956 (γυναῖκες).

134 2022 232 2062 Scut.
249 2028 320 2063 384
335 2024 416 2061 καδ’
425 2022 456 2061 δ’
466 2023 520 2072 ἂρ’
533 2023 598 2061 ἀπ’
612 2019 807 2073 οὐρανόθεν

181 2083 324 2130 ψιάδας
349 2085 459 2130 βάλεν
484 2083 742 2130 αἱματοέσσας.

133 2316 197 2364 Op.
218 2322 255 2355 et
273 2320 306 2354 d.
329 2323 394 2356 121
416 2320 528 2367 αὐτὰρ
552 2321 682 2369 ἐπειδὴ
698 2325 806 2356 τοῦτο

136 2375 281 2421 *γένος
313 2379 409 2413 κατὰ
443 2381 530 2426 γαῖα
562 2379 722 2427 κάλυψε,
758 2379 804 2416 cf.

182 2437 261 2479 140,
292 2439 361 2474 156
388 2442 425 2475 et
449 2438 560 2484 Ἀγών
579 2440 648 2475 325
675 2437 807 2473 ἐνθάδε

868 1498 914 1534 cf.
933 1500 963 1533 θ
981 1500 1050 1535 317
1081 1498 1180 1545 σφωὲ
1207 1499 1312 1540 δόλος
1328 1498 1391 1534 καὶ
1413 1500 1543 1544 δεσμὸς

917 1555 1039 1604 ἐρύξει.
1071 1560 1105 1591 Φ
1124 1559 1170 1594 63
1197 1557 1218 1605 ἢ
1244 1571 1282 1593 τε
1302 1555 1419 1605 (γαῖα)
1449 1561 1542 1593 κατὰ

916 1614 1087 1663 κρατερόν
1113 1628 1184 1662 περ
1211 1614 1333 1663 ἐρύξει.

867 1674 912 1711 cf.
936 1688 963 1719 μ
998 1677 1069 1711 435
1105 1687 1157 1722 sq.
1203 1675 1369 1723 ἀπήωροι
1401 1671 1434 1709 δ’
1458 1674 1543 1710 ἔσαν

916 1730 992 1776 ὄζοι
1035 1733 1169 1781 μακροί
1213 1746 1252 1768 τε
1298 1733 1449 1780 μεγάλοι
1492 1746 1539 1773 τε,

917 1792 1135 1828 κατεσκίαον
1162 1791 1201 1827 δὲ
1228 1792 1421 1839 Χάρυβδιν.

867 1850 913 1887 ef.
932 1854 957 1896 β
985 1854 1053 1887 153
1089 1850 1306 1898 δρυψαμένω
1332 1846 1365 1885 δ’
1381 1850 1536 1894 ὀνύχεσσι

918 1911 1076 1956 παρειὰς
1089 1909 1186 1955 ἀμφί
1204 1922 1243 1944 τε
1260 1909 1380 1955 δειράς
1396 1907 1536 1954 (αἰετοῦ)

917 1967 963 2003 of.
983 1970 1026 2002 A
1050 1969 1131 2004 393.

865 2026 966 2061 Haec
1000 2025 1124 2061 eadem
1159 2024 1294 2060 locutio
1325 2035 1540 2070 quamquam

915 2095 1094 2132 nusquam
1111 2083 1150 2119 in
1167 2082 1323 2118 Homero
1340 2082 1539 2123 invenitur,

915 2145 957 2178 at
981 2146 1102 2178 tamen
1129 2142 1279 2178 verbum
1304 2140 1453 2185 βάλλειν
1478 2140 1538 2176 ad-

915 2201 1041 2238 verbio
1067 2200 1161 2236 κατά
1179 2200 1304 2236 addito
1323 2199 1438 2236 variis
1462 2212 1543 2235 cum

915 2261 1023 2298 rebus
1049 2259 1198 2296 obiectis
1224 2259 1373 2307 legitur.

865 2322 900 2353 Z
914 2321 986 2355 464
1012 2322 1199 2365 τεθνηῶτα
1226 2319 1311 2366 χυτὴ
1330 2319 1425 2353 κατὰ
1456 2321 1542 2364 γαῖα

914 2376 1112 2419 καλύπτει,
1151 2375 1210 2412 cui
1244 2376 1322 2412 loco
1358 2376 1543 2414 addendae

914 2440 1001 2472 sunt
1039 2436 1175 2472 similes
1209 2435 1298 2471 illae
1330 2436 1541 2478 locutiones,
