1801 2720
823 269 831 272 μ
855 236 978 261 vocem
1027 224 1184 272 στρόφος
1234 237 1306 260 non
1357 224 1481 260 eadem

855 286 1011 331 usurpat
1019 283 1176 320 notione.
1189 282 1365 319 Voculam
1382 278 1480 329 ἀμφί

857 354 937 378 cum
979 342 1090 378 verbo
1128 341 1210 389 ἳημι
1254 341 1482 377 coniunctam

855 400 1013 447 legimus
1043 402 1078 433 T
1096 401 1167 436 393
1194 395 1291 445 ἀμφὶ
1317 398 1481 434 λέπαδνα

856 456 958 504 ἕσαν,
987 458 1019 494 si
1050 457 1195 505 quidem
1220 455 1306 491 ἕσαν
1331 469 1353 492 a
1372 457 1484 492 verbo

855 516 938 564 ἳημι
963 520 1020 552 est
1045 515 1258 552 ducendum.

74 575 152 613 Cer.
172 575 244 613 276
279 549 366 620 ᾖερί
400 568 430 607 τ’
447 558 545 619 ἀμφί
576 586 612 608 τε
637 562 754 615 κάλος(
808 574 904 611 Vide
930 586 1023 622 quae
1050 574 1151 610 dicta
1176 577 1263 610 sunt
1281 572 1328 608 ad
1345 572 1381 607 h.
1404 573 1482 608 Cer.

121 632 223 681 ἄητο.
858 635 929 670 276
953 646 989 681 p.
1011 635 1067 669 16.

72 693 107 728 h.
126 690 182 727 VI
209 692 232 727 6
258 687 346 736 περὶ
374 684 407 723 δ’
424 687 588 736 ἄμβροτα
614 691 746 736 εἵματα
808 691 854 727 cf.
874 704 903 726 ω
928 693 975 728 59
1003 691 1091 739 περὶ
1117 687 1149 726 ‹5'
1165 689 1330 738 ἄμβροτα
1351 688 1484 733 εἵματα

122 748 241 785 ἕσσαν.
662 786 666 790 ,
754 790 756 792 ,
858 749 975 787 ἕσσαν.
1006 750 1052 786 cf.
1071 753 1110 784 Π
1135 751 1218 794 670,
1246 750 1328 786 680.

72 811 106 846 h.
126 808 237 857 Apol.
256 808 297 844 II
314 809 386 846 283
412 807 529 844 σι’τοιο
560 808 743 856 γλυκεροῖο
808 809 853 845 cf.
872 813 914 844 A
939 812 984 847 89
1011 807 1113 845 σίτου
1139 822 1177 845 τε
1194 808 1378 857 γλυκεροῖο
1397 805 1484 853 περὶ

122 866 208 914 περὶ
234 866 367 913 φρένας
392 867 516 914 ἵμερος
540 864 648 913 αἱρεῖ.
858 867 992 914 φρένας
1016 868 1140 914 ἵμερος
1167 865 1273 911 αἱρεῖ.

737 945 817 993 Πρό

73 1004 285 1042 adverbium
321 1016 401 1039 cum
434 1003 556 1040 verbis
589 1005 821 1041 coniunctum
854 1005 995 1052 legitur
1026 1005 1065 1041 in
1089 1004 1209 1041 Iliade
1244 1007 1283 1040 et
1320 1004 1484 1052 Odyssea

74 1061 274 1110 quinquies.
326 1060 409 1098 Huc
442 1062 537 1098 enim
570 1062 661 1099 duos
694 1063 825 1099 rettuli
859 1063 956 1099 locos
990 1065 1033 1097 A
1059 1064 1129 1100 180
1154 1065 1197 1097 Π
1218 1064 1289 1099 699
1328 1062 1390 1109 qui
1416 1062 1484 1098 hoc

73 1121 175 1157 modo
202 1123 289 1156 sunt
314 1120 530 1167 explicandi,
559 1124 603 1156 ut
630 1120 716 1169 περὶ
734 1134 801 1169 pro
820 1124 1003 1166 περισσῶς
1020 1121 1071 1157 sit
1089 1121 1238 1163 dictum,
1267 1121 1340 1168 πρό
1358 1124 1481 1157 tamen

73 1179 118 1215 ad
144 1179 296 1215 verbum
321 1180 411 1213 θῦεν
435 1178 673 1215 referendum.
701 1179 745 1214 In
771 1179 924 1216 Hesiodi
950 1179 1170 1216 carminibus
1194 1179 1334 1226 legitur
1359 1179 1479 1221 semel,

72 1238 109 1273 in
136 1236 283 1285 hymnis
307 1236 511 1273 Homericis
535 1249 725 1285 nusquam.

74 1295 211 1342 Theog.
238 1297 308 1333 742
347 1295 440 1331 ἀλλά
478 1309 538 1331 κεν
570 1295 661 1331 ἔνθα
686 1297 749 1332 καὶ
811 1296 1059 1344 Compositum
1093 1297 1239 1345 saepius
1273 1296 1372 1344 apud
1408 1296 1481 1332 Ho-

122 1352 213 1388 ἔνθα
230 1353 335 1401 φέροι
354 1353 428 1400 πρὸ
446 1353 584 1388 θύελλα
600 1354 747 1402 θυέλλῃ.
857 1368 997 1391 merum
1030 1355 1074 1391 de
1108 1355 1388 1402 tempestatibus
1426 1362 1483 1390 est

859 1414 1015 1460 dictum,
1047 1425 1227 1463 nusquam
1251 1417 1373 1451 tamen
1401 1413 1483 1449 sim-

857 1472 941 1520 plex
967 1473 1140 1509 adverbio
1175 1472 1301 1508 addito
1327 1473 1479 1519 legitur.

730 1541 830 1588 Πρός

73 1597 286 1634 adverbium
320 1611 401 1634 cum
437 1599 561 1635 verbis
595 1599 828 1635 coniunctum
859 1600 1000 1647 legitur
1033 1600 1072 1636 in
1103 1600 1222 1636 Iliade
1256 1603 1294 1636 et
1319 1599 1484 1647 Odyssea

72 1655 301 1703 quadragies.
353 1655 408 1693 De
441 1656 606 1692 omnibus
639 1656 747 1700 locis,
790 1658 922 1705 quibus
962 1658 1056 1705 πρός
1095 1670 1176 1694 cum
1215 1658 1325 1694 verbo
1363 1655 1485 1693 εἰπεῖν

72 1714 301 1751 coniunctum
326 1714 494 1761 legimus,
522 1715 645 1751 eadem
663 1715 799 1759 valent,
828 1729 920 1764 quae
939 1717 983 1753 de
998 1716 1131 1753 vocula
1148 1715 1241 1761 μετά
1259 1728 1340 1752 cum
1359 1715 1480 1752 eodem

75 1774 182 1809 verbo
209 1773 404 1810 coniuncta
434 1773 533 1810 dicta
564 1778 660 1811 sunt.
710 1778 754 1808 A
778 1777 850 1812 245
884 1780 921 1813 et
946 1779 970 1821 β
997 1778 1044 1813 80
1077 1775 1366 1825 praepositiones
1391 1775 1480 1811 mihi

73 1843 148 1867 esse
174 1832 356 1869 videntur.
385 1832 429 1868 In
447 1833 600 1869 Hesiodi
627 1833 848 1870 carminibus
874 1835 1014 1882 legitur
1040 1835 1105 1877 bis,
1133 1835 1171 1871 in
1188 1835 1334 1884 hymnis
1351 1835 1483 1870 Home-

72 1889 156 1926 ricis
182 1891 391 1939 quinquies;
423 1891 555 1939 quibus
586 1891 676 1927 locis
702 1905 782 1928 cum
808 1905 948 1941 semper
972 1893 1068 1930 illud
1095 1894 1189 1941 πρὸς
1212 1895 1333 1938 μῦθον
1358 1891 1482 1928 ἔειπεν

72 1948 132 1984 vel
158 1948 284 1985 ἔειπον
308 1954 484 1993 recurrat,
511 1950 605 1986 nihil
631 1954 697 1996 est,
725 1964 790 1987 cur
815 1952 954 1999 singuli
981 1953 1052 1989 loci
1076 1952 1321 2000 proferantur.

746 2039 818 2074 Σύν

72 2095 287 2133 adverbium
324 2111 405 2134 cum
437 2097 559 2134 verbis
590 2088 821 2137 coniunctum
855 2098 994 2143 legitur
1025 2098 1065 2134 in
1097 2098 1215 2134 Iliade
1249 2101 1287 2134 et
1318 2098 1481 2145 Odyssea

71 2153 194 2191 tricies
212 2156 339 2193 sexies.
371 2158 408 2191 Ψ
421 2158 492 2193 467
519 2157 602 2204 lego
628 2157 691 2192 σύν
716 2152 755 2191 θ’
772 2156 882 2205 (κατά
900 2169 951 2204 γρ.
971 2157 1082 2193 schol.
1101 2159 1146 2190 A
1169 2156 1220 2192 sic
1246 2155 1353 2202 dett.)
1380 2157 1416 2189 K
1436 2157 1480 2191 19

72 2224 100 2246 ω
128 2216 197 2251 165
235 2228 254 2250 ν
279 2218 350 2253 303
387 2215 408 2258 ξ
431 2217 503 2253 296
541 2228 620 2252 mea
654 2215 798 2264 quidem
843 2215 1025 2253 sententia
1059 2219 1144 2251 sunt
1182 2214 1479 2262 praepositiones.

72 2273 120 2305 M
143 2275 211 2311 181
246 2274 350 2310 uncis
384 2273 529 2322 quidem
563 2280 619 2311 est
652 2278 818 2323 saeptum
852 2274 911 2322 (cf.
933 2274 987 2311 ed.
1008 2273 1208 2310 Rzachii
1232 2285 1267 2320 p.
1283 2272 1390 2318 284),
1419 2272 1481 2308 sed

70 2332 191 2367 tamen
232 2332 322 2369 locis
360 2333 446 2370 aliis
481 2334 768 2370 adnumeratum.
819 2333 864 2369 In
899 2332 1050 2369 Hesiodi
1084 2331 1305 2368 carminibus
1342 2331 1482 2378 legitur

72 2393 211 2434 quater,
238 2392 278 2427 in
303 2391 450 2439 hymnis
467 2392 670 2429 Homericis
695 2392 896 2440 quinquies.
923 2392 968 2427 Il.
987 2391 1063 2428 VH
1081 2394 1125 2427 27
1153 2390 1263 2427 lectio
1282 2390 1394 2426 dubia
1413 2394 1479 2427 est.

71 2444 207 2496 Theog.
228 2451 299 2487 706
334 2450 397 2485 σὺν
431 2445 463 2485 δ’
480 2449 606 2496 ἄνεμοι
631 2450 749 2487 ἔνοσίν
809 2449 953 2487 Similia
1001 2449 1038 2485 in
1091 2449 1257 2495 Homero,
1309 2448 1374 2485 vix
1430 2448 1482 2484 in-

122 2519 161 2542 τε
185 2507 282 2544 κόνιν
307 2504 337 2544 τ’
358 2508 489 2555 ἄμυδις
515 2502 745 2557 σφαροῖγιζον.
856 2509 1067 2546 veniuntur.
