1801 2720
1375 51 1516 91 xxxm

103 142 186 182 illic
211 154 255 181 ea
279 143 450 193 loquendi
474 143 571 181 ratio
597 156 641 182 ex
667 143 792 183 vivido
817 144 923 193 vulgi
950 157 1018 182 usu
1044 145 1146 188 fluat.
1173 145 1232 182 hio
1247 144 1452 183 imitatione
1469 157 1514 182 ex

107 202 226 240 Iliade
259 202 494 251 Odysseaque
527 216 698 255 expressa
730 208 796 250 est.
850 204 980 253 Itaque
1009 205 1078 242 hac
1102 205 1214 242 tertia
1240 218 1381 253 quoque
1406 208 1512 252 parte

108 261 206 307 siout
234 261 376 299 duabus
409 261 592 311 prioribus
630 263 881 312 comprobasse
914 275 970 300 me
995 266 1105 312 puto,
1141 254 1184 299 de
1220 275 1309 300 vera
1342 262 1450 299 tmesi
1475 263 1513 298 in

65 337 70 340 ·
108 318 227 358 Iliade
251 324 291 358 et
315 319 480 370 Odyssea
505 321 663 370 eogitari
688 334 760 360 non
786 334 900 370 posse.

227 377 255 414 J
258 391 321 415 ure
348 379 468 427 igitur
491 379 541 425 id,
569 380 665 428 quod
689 380 763 416 iam
787 379 827 417 in
852 380 1079 428 praefatione
1103 380 1273 423 diximus,
1307 380 1515 427 quaestione

109 436 282 475 absoluta
307 442 469 486 repetere
494 451 599 488 posse
615 438 720 476 nobis
736 438 918 476 videmur:
946 439 991 476 In
1010 437 1231 476 carminibus
1249 436 1409 480 Homeri,
1437 436 1516 473 dieo

91 497 150 534 ·in
183 496 302 534 Iliade
334 500 372 534 et
405 497 581 546 Odyssea,
615 498 760 548 saepius
791 497 1078 546 praepositiones
1112 509 1134 533 a
1167 496 1287 534 verbis
1312 495 1514 544 diremptae

109 568 185 593 esse
210 555 399 602 videntum
426 568 519 606 quae
543 566 601 594 res
625 560 747 595 tamen
771 568 843 592 non
868 556 905 592 in
924 559 1053 605 poetae
1070 554 1229 592 lieentia.
1249 554 1313 591 sed
1329 554 1368 590 in
1387 553 1511 590 vivido

110 614 218 663 vulgi
242 627 313 651 usu
338 615 457 663 posita
482 619 548 658 est,
583 618 627 652 ut
658 618 756 653 reete
780 624 854 653 non
879 614 924 652 de
948 613 1280 663 praepositionibus
1305 612 1506 662 diremptis,

109 675 171 712 sed
196 675 241 712 de
266 674 448 712 adverbiis
481 678 548 712 aut
572 674 731 722 genuina
765 678 832 711 aut
855 674 1167 723 praepositionum
1193 673 1232 710 vi
1257 672 1435 722 praeditis
1460 672 1513 709 di-

109 733 261 772 cendum
285 733 346 772 sit.
397 733 451 771 Ob
481 746 629 784 eamque
660 746 737 772 rem
768 733 808 772 in
842 732 980 770 talibus
1005 732 1191 771 adverbiis
1215 745 1298 769 eum
1323 735 1512 770 aecentum

109 803 241 843 ponere
265 794 542 829 consentaneum
567 795 639 836 est,
674 805 780 841 quem
812 791 851 829 in
876 792 1060 830 adverbiis
1085 792 1246 840 genuina
1273 791 1310 828 vi
1334 791 1510 840 praeditis

109 863 241 900 ponere
266 850 439 895 solemus,
476 863 626 900 eumque
651 851 763 890 etiam
787 850 834 888 iis
860 851 967 896 loeis,
1004 846 1136 900 quibus
1162 851 1319 900 pristina
1345 850 1510 887 adverbii

109 910 167 947 vis
193 910 268 947 iam
293 909 405 959 paulo
429 909 615 947 infimata
640 922 717 949 esse
742 909 902 949 videtur.
