1801 2776
245 101 369 131 XXXII

246 206 388 244 quoque
414 194 505 232 locis
542 199 672 244 poetae
703 206 790 232 sane
821 194 917 231 nihil
948 194 1050 232 aliud
1081 207 1189 243 quam
1214 194 1346 240 tmesin
1385 195 1429 248 in
1463 208 1524 233 eos
1548 200 1665 234 trans-

243 254 423 300 tulerunt,
452 267 532 290 cum
558 254 663 290 nobis
689 253 833 302 quidem
859 254 887 290 ii
914 254 986 306 loci
1011 266 1084 289 non
1101 253 1196 290 tales
1222 266 1298 290 esse
1324 254 1531 306 videantur,
1558 260 1603 292 ut
1620 267 1665 291 ex

245 312 371 348 vivido
402 312 510 360 vulgi
541 325 611 350 usu
643 325 703 349 eos
734 312 968 361 depromptos
998 324 1075 349 esse
1105 315 1286 360 putemus.
1338 312 1469 361 Itaque
1496 325 1589 361 quae
1620 312 1664 350 de

244 370 403 407 Homero
428 371 608 407 imitando
635 371 806 414 diximus,
838 371 897 407 his
922 371 1013 408 locis
1038 371 1103 407 vix
1135 372 1254 407 everti
1276 374 1441 419 possunt.
1486 371 1557 408 Sed
1582 385 1663 408 cum

245 429 324 465 dico
352 429 396 465 de
421 429 601 466 imitando
627 430 797 472 Homero,
825 429 909 465 nolo
935 429 974 465 id
999 429 1052 467 sic
1077 429 1204 478 accipi,
1237 429 1343 477 quasi
1367 433 1503 477 putem,
1536 433 1663 478 poetas

245 488 312 524 hoc
350 488 470 525 modo
496 488 710 541 compilasse
749 481 964 541 Homerum,
1008 492 1052 525 ut
1090 500 1238 537 operoso
1281 488 1405 525 labore
1448 489 1665 540 colligerent

243 547 409 595 exempla
434 560 479 584 ex
496 560 537 584 eo
555 551 666 600 atque
691 548 738 584 ad
755 560 862 584 suum
879 560 986 584 usum
1003 547 1222 585 conferrent.
1250 546 1348 583 Puto
1366 559 1426 584 eos
1443 548 1533 585 bene
1549 547 1662 584 habu-

246 606 318 642 isse
350 607 500 653 cognita
531 607 694 644 carmina
723 606 875 643 Homeri
908 628 953 632 —
986 606 1096 654 quis
1098 605 1193 642 enim
1223 605 1349 649 nescit,
1382 610 1522 654 quanta
1548 605 1661 643 fuerit

243 669 326 702 tota
356 666 595 732 anitiquitate
629 666 778 703 Homeri
809 665 1024 708 auctoritas,
1058 676 1165 712 quam
1189 664 1272 702 sint
1302 664 1437 713 ubique
1474 665 1661 702 dominata

244 724 321 760 eius
348 725 509 761 carmina
535 747 582 750 —
600 725 725 772 itaque
749 724 994 773 protulerunt,
1023 735 1116 771 quae
1140 723 1333 759 memoriae
1359 724 1660 761 obversabantur.

245 783 315 820 Sed
342 783 542 828 videamus,
582 788 777 832 antequam
803 796 847 820 ex
872 783 930 827 iis,
958 794 1049 831 quae
1082 776 1125 819 de
1155 781 1362 819 imitatione
1393 783 1543 820 Homeri
1569 783 1661 820 dixi-

242 856 334 886 mus,
367 855 459 891 quae
485 843 692 891 colligenda
717 846 813 886 sunt,
847 841 1065 889 colligimus,
1103 853 1161 878 res
1187 841 1363 890 quasdam
1388 842 1435 879 ad
1461 854 1660 886 sermonem

241 901 391 938 illorum
427 902 627 938 carminum
661 901 896 950 pertinentes,
937 912 1030 949 quae
1063 913 1145 937 cum
1177 900 1233 945 iis,
1274 913 1367 949 quae
1401 900 1446 937 de
1479 901 1658 938 imitando

243 960 402 996 Homero
429 961 599 1002 diximus,
639 960 824 997 artissime
852 960 1068 997 coniunctae
1094 964 1191 997 sunt.
1245 961 1340 997 Sunt
1367 953 1463 997 enim
1487 960 1535 997 iis
1560 960 1659 1006 locis,

243 1018 375 1065 quibus
408 1018 534 1054 tmesis
569 1018 774 1060 invenitur,
815 1019 1000 1062 nonnulli,
1040 1019 1172 1066 quibus
1206 1019 1389 1055 Homerus
1423 1019 1661 1066 compositum

243 1077 394 1113 verbum
419 1079 594 1124 usurpat,
622 1089 704 1112 cum
744 1076 854 1113 ceteri
891 1079 1021 1125 poetae
1060 1076 1153 1125 epici
1192 1075 1315 1113 eodem
1353 1075 1529 1112 vocabulo
1554 1079 1660 1113 utan-

241 1138 305 1170 tur
339 1134 538 1183 dirempto,
576 1138 619 1170 ut
645 1146 768 1171 veram
807 1135 940 1171 tmesin
980 1135 1169 1172 admisisse
1206 1134 1412 1171 videantur.
1469 1134 1660 1171 Eiusmodi

242 1198 343 1230 sunt:
364 1194 464 1231 seut.
478 1195 549 1230 246
561 1194 688 1241 (p.17)‚
710 1194 820 1241 Apol,
832 1194 872 1229 Π
882 1197 951 1232 140
968 1195 1018 1243 (p.
1030 1194 1101 1240 ιι),
1121 1193 1200 1232 cer.
1221 1197 1292 1232 286
1311 1195 1360 1243 (p.
1377 1194 1449 1242 18),
1465 1186 1556 1232 ven.
1575 1196 1658 1240 271,

242 1254 322 1290 Cer.
345 1254 425 1296 168,
447 1254 529 1296 253,
558 1252 591 1288 h.
604 1252 680 1290 VII
701 1255 746 1289 13
773 1254 967 1302 (p.18sq.),
995 1253 1061 1302 Op.
1082 1256 1118 1290 et
1132 1253 1166 1290 d.
1183 1256 1254 1291 635
1280 1255 1330 1302 (p.
1352 1254 1423 1301 19),
1451 1254 1560 1292 Mero.
1588 1256 1659 1292 337

242 1319 292 1361 (Ρ.
313 1312 386 1359 20),
415 1312 514 1349 Scut.
534 1314 606 1349 200
633 1313 682 1360 (p.
704 1312 779 1359 23),
800 1312 879 1349 Cer.
899 1315 982 1358 214,
1001 1315 1072 1350 217
1092 1314 1143 1361 (p.
1162 1314 1236 1360 24),
1256 1313 1393 1360 Theog.
1414 1315 1484 1350 716
1511 1314 1563 1360 (p.
1581 1313 1656 1360 25),

242 1371 379 1417 Theog.
401 1372 472 1407 742
498 1383 533 1417 p.
553 1369 628 1416 29),
655 1370 765 1407 Mero.
785 1372 857 1407 294
882 1372 934 1419 (Ρ.
955 1372 1027 1419 30).

360 1428 526 1471 Accedit,
567 1428 664 1475 quod
702 1429 920 1475 quibusdam
957 1430 1048 1467 locis
1086 1430 1162 1466 alia
1204 1429 1382 1478 quaedam
1423 1434 1480 1467 est
1520 1423 1658 1467 locutio

241 1487 405 1530 Homeri,
435 1487 510 1523 alia
537 1490 739 1523 ceterorum
764 1490 954 1534 poetarum
982 1488 1164 1536 epicorum
1181 1489 1289 1536 idque
1307 1488 1500 1525 maximam
1518 1493 1659 1537 partem

242 1548 281 1583 in
307 1547 354 1583 iis
380 1546 613 1590 carminibus,
650 1559 743 1594 quae
762 1547 839 1583 sine
863 1547 974 1584 dubio
1000 1547 1215 1595 posterioris
1240 1551 1327 1583 sunt
1344 1548 1488 1583 aetatis.
1524 1547 1658 1584 Huius-

241 1605 339 1641 modi
366 1608 469 1641 sunt:
498 1605 635 1651 Theog.
663 1607 736 1642 694
754 1606 804 1653 (Ρ.
818 1607 889 1652 15),
916 1606 1027 1654 Apol.
1047 1606 1088 1641 II
1109 1607 1179 1643 120
1197 1606 1331 1653 (Ρ.16),
1354 1605 1433 1644 Cer.
1443 1608 1513 1643 276
1528 1607 1575 1654 (p.
1586 1606 1657 1653 16),

240 1665 359 1701 h.VII
377 1667 425 1701 33
437 1664 571 1712 (p.17),
600 1664 710 1712 Apol.
729 1664 769 1700 II
784 1666 855 1702 328
875 1665 925 1713 (p.
949 1664 1020 1711 17),
1049 1664 1150 1701 Scut.
1169 1666 1251 1708 364,
1271 1666 1341 1701 461
1358 1665 1408 1712 (Ρ.
1426 1664 1499 1711 19),
1520 1665 1655 1712 Theog.

242 1727 312 1761 688
340 1725 389 1771 (Ρ.
410 1723 484 1769 20),
514 1723 580 1771 ΟΡ.
609 1727 645 1759 et
672 1723 706 1759 d.
734 1725 817 1766 581,
846 1726 917 1761 815
943 1724 991 1771 (Ρ.
1014 1723 1088 1770 23),
1115 1724 1226 1760 Merc.
1246 1725 1295 1760 50
1313 1724 1363 1771 (Ρ.
1385 1723 1459 1769 24),
1487 1723 1566 1761 Cer.
1585 1726 1655 1761 217

239 1786 287 1830 (Ρ.
316 1782 390 1829 24),
410 1782 445 1818 h.
461 1782 538 1818 VII
557 1784 615 1827 41,
644 1782 678 1817 h.
697 1782 850 1819 XXVII
872 1785 890 1819 7
909 1783 959 1832 (Ρ.
978 1781 1053 1828 25),
1073 1782 1153 1818 Cer.
1173 1784 1242 1818 441
1262 1782 1313 1829 (p.
1333 1782 1407 1829 27),
1423 1782 1534 1830 Apol.
1550 1783 1570 1818 Ι
1587 1784 1657 1819 122

240 1842 290 1889 (Ρ.
311 1840 385 1888 28),
414 1839 480 1887 ΟΡ.
509 1843 546 1877 et
572 1840 606 1875 d.
635 1842 707 1877 652
733 1842 783 1888 (Ρ.
812 1840 887 1886 30),
914 1840 1046 1888 Epigr.
1067 1842 1121 1885 14,
1154 1843 1195 1876 11
1224 1840 1274 1888 (Ρ.
1295 1840 1369 1886 30).
1413 1840 1472 1876 Ex
1499 1840 1569 1877 tali
1586 1853 1657 1877 ser-

240 1899 356 1935 monis
382 1898 595 1935 diversitate
621 1911 734 1946 aeque
760 1902 871 1947 atque
896 1911 941 1935 ex
967 1911 1009 1935 ea
1033 1911 1083 1942 re,
1112 1898 1208 1946 quod
1225 1911 1346 1936 omnes
1372 1899 1447 1935 fere
1472 1899 1553 1942 loci,
1581 1898 1657 1947 qui-

241 1960 310 1995 bus
335 1958 462 1995 tmesis
487 1958 687 2000 invenitur,
733 1958 780 1993 ad
806 1958 993 2005 exemplar
1019 1956 1170 1993 Homeri
1201 1957 1337 1993 redditi
1363 1950 1440 1994 esse
1467 1958 1652 2000 videntur,

243 2017 370 2064 colligi
396 2020 529 2064 potest,
559 2016 720 2052 carmina
746 2016 815 2052 illa
832 2016 934 2063 epica
958 2015 1160 2063 posteriore
1177 2027 1254 2052 esse
1269 2015 1370 2052 facta
1387 2019 1518 2061 aetate,
1546 2019 1657 2064 atque

240 2088 318 2112 eam
344 2076 388 2111 de
414 2088 487 2123 qua
513 2075 642 2121 agitur
667 2074 847 2110 rationem
878 2073 1032 2116 dicendi,
1065 2086 1145 2109 cum
1171 2074 1322 2110 Homeri
1352 2074 1470 2110 solum
1496 2074 1657 2120 vestigia

240 2136 278 2170 in
306 2147 348 2171 ea
374 2146 414 2170 re
439 2137 568 2182 poetas
594 2136 737 2169 secutos
763 2144 840 2168 esse
866 2131 1075 2175 viderimus,
1102 2144 1156 2175 ea,
1185 2144 1256 2179 qua
1281 2132 1368 2169 haec
1395 2132 1555 2169 earmina
1581 2132 1656 2169 sint

239 2193 326 2228 ficta
351 2195 484 2235 aetate,
512 2203 626 2239 paene
652 2191 836 2227 interiisse
871 2194 982 2238 atque
1016 2203 1060 2226 ex
1086 2190 1262 2227 sermonis
1287 2182 1547 2228 consuetudine
1573 2203 1655 2227 eva-

239 2251 371 2287 nuisse.

353 2309 500 2345 Collata
530 2308 648 2345 Iliade
675 2308 912 2355 Odysseaque
946 2320 1027 2343 cum
1054 2307 1183 2343 ceteris
1209 2320 1301 2355 quae
1336 2307 1495 2344 diximus
1521 2308 1571 2355 (Ρ.
1593 2307 1654 2353 14)

239 2368 460 2405 carminibus
491 2368 602 2416 epicis
637 2368 903 2405 demonstrasse
928 2367 1033 2404 nobis
1060 2367 1243 2410 videmur,
1279 2366 1391 2404 aliam
1426 2380 1503 2404 esse
1528 2366 1653 2404 tmesis

238 2428 482 2463 condicionem
516 2427 766 2473 rationemque
801 2427 839 2462 in
870 2426 969 2472 illis,
1005 2426 1116 2463 aliam
1149 2426 1188 2461 in
1219 2426 1277 2462 his
1310 2426 1545 2471 carminibus3
1574 2437 1655 2461 cum
