1801 2720
228 77 273 107 lv

228 172 432 222 recurrunt,
460 183 521 216 ut:
571 177 615 214 Οἱ
644 175 673 213 δ’
703 176 804 214 ἱστὸν
830 175 995 226 στήσαντ’
1025 178 1093 214 ἀνά
1117 173 1286 213 θ’·ἱστιά
1312 177 1422 212 λευκὰ
1451 174 1665 213 ’πέτασσαν·’1
1692 174 1694 181 ’
1720 175 1726 180 ’

227 242 271 273 A
287 240 379 283 480,
415 237 461 274 of.
489 251 511 273 κ
529 240 619 279 506,
647 238 668 272 ὁ
696 239 783 280 783,
811 240 840 272 θ
857 239 916 273 54.
951 236 1099 278 Αὐτούς
1125 232 1154 270 τ’
1181 233 1369 280 ἀμβαίνειν
1394 234 1462 270 ἀνά
1487 247 1527 270 τε
1552 248 1641 282 πρυ-

227 296 360 345 μνήσια
386 297 493 332 λῦσαι
520 310 533 332 ι
562 298 650 339 178,
678 298 769 342 562;
799 296 820 330 λ
845 297 927 340 637,
955 310 981 340 μ
1012 297 1092 338 145,
1121 309 1140 330 ο
1166 297 1248 332 548.
1286 291 1499 330 Μίστυλλόν
1525 289 1555 328 τ’
1572 291 1644 340 α’ρα

227 353 343 390 τᾶλλα
374 354 438 390 καὶ
465 350 554 401 ἀμφ’
570 354 751 400 ὀβελοῖσιν
778 354 929 400 ἔπειραν
961 356 1006 388 Λ
1030 356 1120 398 465,
1156 356 1189 388 Β
1214 354 1301 397 428,
1339 365 1359 398 γ
1384 344 1475 397 462,
1503 366 1531 396 μ
1557 354 1641 396 365,

222 413 247 458 ’ξ
271 416 356 457 430,
384 414 430 451 cf.
449 413 469 456 ξ
496 416 552 457 75,
580 416 705 450 1210.
1408 434 1410 437 -

342 470 401 509 Ἐν
427 470 491 509 δ”
475 473 606 518 α’νειιος
632 478 770 520 πρῆσεν
795 472 905 517 μέσον
930 484 1056 515 ιστιον,
1085 471 1180 519 ἄμφι
1206 471 1245 507 δὲ
1270 475 1367 516 κῦμα
1393 474 1461 507 etc.
1489 441 1550 504 A
1556 472 1642 512 481,

227 533 273 569 of.-
291 536 316 576 β
341 535 425 570 427.

338 588 402 626 Έν
429 588 459 625 τ’
481 590 551 638 ἄρα
578 604 612 626 οι
639 595 690 638 φῦ
704 589 796 637 χειρὶ
814 589 906 632 ἔπος
924 586 954 625 τ’
972 585 1073 637 ἔφατ’
1090 589 1131 625 ἔκ
1157 585 1187 625 τ’
1208 588 1376 665 ὀνόμαζεν
1394 592 1428 623 Z
1444 590 1526 632 253,
1545 589 1638 652 4063
1630 615 1641 635 ,

214 650 293 687 ’Ξ
284 653 366 693 232,
396 652 533 691 Σ384,
561 651 643 693 423,
676 652 764 686 Τ7.

346 709 529 755 Κρατερὸν
554 704 587 743 δ’
603 707 670 743 ἐπὶ
696 711 815 752 μῦθον
841 707 1017 743 &velles
1006 720 1045 743 ln
1071 719 1180 743 versu
1208 711 1361 742 exeunte
1392 709 1436 740 A
1462 708 1526 750 25,
1555 706 1639 748 326,

228 770 318 814 379;
347 770 388 802 Π
412 769 493 810 199,
521 767 567 804 cf.
586 773 619 815 ψ
638 769 720 804 349.

344 821 433 861 Ἐπὶ
467 824 507 861 δὲ
538 826 749 870 στενάχοντο
784 827 947 871 γυναῖκες
977 825 1016 861 111
1042 837 1151 861 versu
1178 828 1333 861 exeunte
1360 824 1394 858 Ω
1422 826 1510 867 722,
1547 825 1639 868 746;

231 889 266 920 Τ
289 889 371 927 301,
400 888 440 919 Χ
463 887 545 928 515,
573 884 617 921 ef.
642 888 676 919 T
699 887 781 927 338,
808 887 847 918 Χ
871 886 952 928 429,
983 885 1017 918 Ω
1044 886 1125 920 776.

342 939 431 978 Ἐπὶ
462 943 574 989 μέγαν
604 944 709 990 ὅρκον
743 943 901 987 ὀμοῦμαι
932 943 971 978 111
1002 955 1111 978 versu
1137 945 1290 978 exeunte
1316 945 1359 975 A
1383 943 1475 986 2333
1512 943 1534 974 Ι
1557 942 1638 982 132,

227 1004 317 1047 274;
346 1016 364 1036 ν
391 1004 473 1042 229,
502 1000 548 1037 cf.
572 1004 606 1035 <D
633 1004 714 1042 373,
748 1003 784 1034 Ψ
805 1003 864 1036 42.

342 1055 458 1106 Ἦμος
489 1057 521 1096 δ’
539 1059 658 1109 ἠέλιος
683 1059 815 1096 κατέδυ
845 1058 908 1095 καὶ
942 1059 1009 1095 ἐπὶ
1035 1058 1170 1106 κνέφας
1198 1057 1307 1106 ἦλθεν
1340 1058 1430 1094 10010
1451 1055 1638 1104 plurimis.

340 1114 457 1155 Ἦλθε
484 1116 516 1154 δ’
534 1119 602 1154 ἐπὶ
628 1119 725 1167 ψυχή
750 1119 789 1154 111
815 1131 923 1154 versu
950 1122 1103 1154 exeunte
1135 1120 1171 1152 Ψ
1193 1120 1256 1161 65,
1284 1131 1313 1151 ω
1340 1120 1407 1159 20,
1436 1117 1457 1151 λ
1484 1117 1550 1159 84,
1578 1116 1637 1153 90.

226 1180 308 1221 387,
337 1180 430 1224 4673
454 1178 501 1214 cf.
519 1192 545 1222 μ
571 1180 654 1222 427,
683 1189 705 1212 σ
733 1180 764 1220 1,
792 1178 812 1212 λ
841 1180 921 1214 152.

343 1232 435 1272 Ἀλλ’
452 1235 492 1272 ἔκ
518 1249 575 1272 τοι
602 1235 688 1283 ἐρέω
714 1235 753 1271 111
778 1248 888 1272 versu
906 1235 1110 1272 111011111οΛ
1126 1237 1208 1278 204,
1236 1238 1317 1279 233,
1346 1236 1379 1269 Β
1397 1236 1484 1277 257,
1511 1236 1535 1279 β
1556 1233 1637 1275 187,

225 1309 245 1341 ρ
272 1298 355 1337 229,
383 1307 404 1329 σ
432 1297 489 1337 82,
518 1307 539 1328 τ
567 1295 652 1339 167,
682 1295 726 1330 of.
747 1294 769 1328 δ
795 1296 877 1336 376,
908 1306 927 1328 ο
953 1296 1035 1336 318,
1064 1306 1093 1327 ω
1120 1295 1202 1336 265,
1231 1295 1313 1329 324.

336 1350 455 1396 ’Έπος
480 1348 510 1388 τ’
526 1349 629 1400 ἔφατ’
646 1352 685 1388 ἔκ
712 1348 741 1388 τ’
758 1351 928 1398 ὀνόμαζεν
953 1352 992 1388 111
1019 1364 1128 1389 versu
1153 1355 1309 1389 exeunte
1335 1356 1372 1388 et
1401 1352 1440 1388 in
1467 1351 1584 1388 Iliade
1602 1354 1639 1387 et

225 1414 262 1448 in
290 1413 455 1460 Odyssea
480 1412 571 1448 locis
596 1412 775 1458 plurimis.

343 1470 476 1518 Αὐτὰρ
510 1470 594 1507 ἐπεὶ
627 1470 760 1512 πόσιος
793 1469 855 1505 καὶ
887 1469 1033 1519 ἕόήτυος
1066 1469 1104 1513 ἐξ
1129 1469 1207 1518 ἔρον
1232 1468 1327 1516 ἕντο,
1363 1469 1518 1518 denique
1547 1469 1635 1505 illa:

225 1530 287 1566 καί
312 1545 375 1575 μιν
402 1531 498 1578 πρὸς
522 1533 641 1574 μῦθον
667 1529 789 1565 ἔειπεν
814 1534 852 1565 01
877 1532 968 1574 μετὰ
994 1533 1113 1574 μῦθον
1138 1529 1260 1565 ἔειπεν
1285 1530 1322 1566 in
1345 1542 1451 1566 versu
1470 1533 1636 1566 exeunte.

341 1589 386 1624 In
412 1589 522 1624 huius
540 1588 637 1624 modi
655 1588 833 1631 formulis,
861 1601 963 1635 quae,
990 1592 1034 1624 ut
1049 1588 1105 1624 ita
1122 1588 1250 1630 dicam,
1278 1588 1323 1623 ob
1340 1588 1499 1634 rigorem
1528 1600 1636 1635 quen-

225 1649 307 1683 dam
335 1647 542 1695 antiquitus
567 1648 738 1690 traditae,
766 1660 837 1684 non
865 1649 911 1684 ab
937 1647 1095 1684 Homero
1121 1648 1229 1684 fictae
1255 1659 1332 1684 esse
1349 1647 1537 1691 videntur,
1563 1660 1637 1684 non

224 1705 341 1741 solum
367 1717 457 1741 vera
483 1708 630 1741 exstant
657 1705 843 1748 adverbia,
871 1706 933 1742 sed
959 1706 1070 1742 etiam
1095 1705 1133 1741 id
1160 1718 1204 1742 ex
1229 1706 1278 1741 iis
1295 1718 1367 1741 non
1385 1706 1510 1741 minus
1528 1718 1637 1755 quam

223 1776 267 1799 ex
293 1763 378 1799 aliis
404 1764 512 1799 rebus
539 1785 585 1789 —-
611 1766 654 1799 ut
680 1776 724 1799 ex
750 1763 1060 1811 praepositionum
1087 1772 1125 1800 et
1141 1764 1333 1800 verborum
1352 1764 1636 1813 compositorum

223 1835 293 1858 usu
319 1822 395 1858 late
420 1826 571 1870 patente
598 1826 708 1870 atque
734 1835 777 1858 ex
803 1835 846 1859 ea
870 1835 920 1867 re,
948 1823 1044 1870 quod
1069 1823 1257 1859 nonnullis
1282 1823 1373 1860 locis
1396 1823 1435 1859 in
1456 1823 1637 1860 similibus

223 1880 469 1916 locutionibus
511 1880 572 1926 (cf.
593 1893 628 1927 p.
648 1880 686 1925 3)
732 1892 798 1928 pro
832 1882 943 1916 verbo
973 1880 1012 1915 in
1055 1880 1161 1917 tmesi
1202 1892 1307 1929 quam
1348 1881 1476 1918 dieunt
1515 1882 1636 1930 posito

223 1938 461 1988 compositum
478 1939 667 1986 irrepsisse
692 1939 840 1976 videtur
866 1962 912 1965 —
939 1940 1036 1976 effici
1054 1940 1204 1987 cogique
1223 1953 1326 1987 posse
1345 1944 1528 1988 putamus.
1556 1954 1634 1978 eam

223 2012 330 2046 quam
356 1998 488 2035 tmesin
524 1998 678 2034 dicimus
703 1999 881 2034 rationem
912 1999 1054 2035 dicendi
1088 1999 1158 2047 iam
1201 1999 1349 2035 Homeri
1383 2003 1506 2036 aetate
1539 2012 1635 2036 sene-

222 2070 319 2094 scere
345 2057 522 2106 coepisse3
550 2061 588 2094 et
614 2058 659 2093 ob
686 2057 780 2094 hanc
806 2057 924 2105 ipsam
952 2070 1097 2094 causam
1122 2058 1226 2095 nobis
1254 2058 1398 2106 quidem
1419 2071 1492 2095 non
1509 2057 1636 2096 verisi-

222 2117 308 2152 mile
343 2129 419 2152 esse
450 2117 613 2159 videtur,
640 2129 663 2152 a
689 2120 812 2163 poeta.
850 2117 911 2152 ubi
938 2117 1097 2158 luberet,
1126 2129 1249 2153 veram
1275 2130 1352 2153 esse
1380 2118 1527 2162 tmesin,
1568 2119 1637 2154 hoc

222 2179 277 2210 est
303 2174 494 2221 compositi
519 2174 621 2211 verbi
648 2174 934 2222 diremptionem,
963 2173 1168 2210 admissam.

341 2234 433 2270 Cum
458 2234 578 2282 prima
603 2234 713 2270 huius
740 2234 1038 2282 quaestiunculae
1064 2238 1170 2282 parte
1195 2234 1233 2271 id
1260 2235 1421 2282 egimus,
1449 2240 1493 2272 ut
1519 2235 1634 2272 variis

222 2293 412 2329 momentis
446 2293 573 2329 allatis
603 2306 678 2329 rem
710 2306 753 2329 ex
788 2293 956 2340 partibus
983 2305 1091 2341 quam
1125 2297 1334 2341 poteramus
1359 2294 1530 2342 plurimis
1555 2306 1633 2342 per·

221 2356 462 2394 tentaremus,
494 2352 561 2388 hac
588 2351 723 2396 altera,
761 2364 847 2386 num
879 2364 922 2387 ex
948 2351 1090 2387 ratione
1123 2351 1216 2388 artis
1241 2352 1504 2398 grammaticae
1531 2356 1569 2389 et
1594 2352 1632 2388 vi

221 2411 438 2457 notioneque
469 2406 661 2446 verborum
696 2410 812 2456 possit
845 2410 884 2445 in
919 2410 1038 2446 Iliade
1068 2413 1105 2445 et
1132 2409 1296 2457 Odyssea
1331 2410 1374 2446 de
1404 2423 1492 2446 vera
1528 2410 1634 2446 tmesi
1686 2453 1692 2459 ,

221 2469 381 2516 cogitari
408 2468 622 2505 videbimus.
650 2468 693 2503 In
721 2480 763 2504 ea
788 2481 827 2504 re
854 2480 976 2505 omnes
1001 2481 1089 2515 quos
1115 2469 1358 2506 tractabimus
1385 2469 1486 2506 locos
1503 2469 1543 2505 in
1559 2469 1634 2507 tria
