1801 2720
43 2694 93 2720 ζῇ.)-
108 2712 111 2713 ι

67 272 74 279 „
143 254 244 298 sunt«.
269 255 341 290 200
382 230 485 297 αἶνίδ
522 247 552 289 τ’
575 246 664 297 ἀμφ’
690 248 818 295 ὤμοις·

193 310 261 353 ἐπὶ
286 307 319 349 δ’
335 309 445 355 ὤχετο
470 309 633 357 φύλοπιν
657 305 770 356 αἰνήν.

143 602 246 648 δοιῇ.
275 603 345 648 309
378 599 523 647 ἅρματα
559 598 738 648 κολλήεντ’
753 598 821 635 ἐπὶ

196 660 237 697 δὲ
263 660 429 708 πλῆμναι
454 655 531 705 μέγ’
548 659 683 705 ἀύτευν.

145 721 212 769 Op.
228 724 266 767 et
283 720 316 766 d.
335 721 405 760 194
422 718 577 764 μύθοισι
595 719 757 762 σκολιοῖς
768 717 820 756 ἐν·

193 779 297 817 έπων
321 777 389 814 ἐπὶ
415 774 447 814 δ’
462 778 569 825 ὅρκον
595 777 749 823 ὀμεῖται.

145 898 212 945 Op.
230 900 268 933 et
285 896 319 932 d.
337 898 408 935 264
427 895 645 945 δωροφάγοι,
665 895 821 939 σκολιῶν

192 954 234 992 δὲ
258 955 372 991 δικῶν
404 953 472 991 ἐπὶ
498 954 619 1002 πάγχυ
644 954 818 991 λάθεσθε.

145 1014 212 1063 Op.
231 1018 270 1051 et
286 1015 320 1051 d.
341 1017 411 1051 337
431 1013 548 1060 ἁγνῶς
559 1012 623 1057 καὶ
636 1016 819 1060 καθαρῶς,

194 1072 262 1109 ἐπὶ
288 1068 321 1107 δ’
338 1072 455 1118 ἀγλαὰ
480 1071 592 1120 μήρια
617 1069 744 1107 καίειν.

144 1248 210 1296 Op.
234 1251 272 1285 et
297 1247 331 1284 d.
352 1250 421 1285 371
454 1246 518 1283 καί
547 1261 586 1283 τε
619 1247 818 1297 κασιγνήτῳ

196 1307 349 1353 γελάσας
378 1307 445 1343 ἐπὶ
470 1307 632 1355 μάρτυρα
665 1306 817 1350 θέσθαι.

144 1366 210 1414 Op.
242 1367 281 1402 et
319 1365 352 1402 d.
386 1367 456 1403 581
491 1364 664 1401 πολλοῖσι
694 1361 727 1400 δ’
751 1364 820 1401 ἐπὶ

193 1423 281 1471 ζυγὰ
305 1423 412 1470 βουσὶ
438 1424 596 1473 τίθησιν.

146 1484 213 1531 Op.
224 1487 266 1522 ,et
279 1483 313 1519 d.
329 1485 401 1520 815
418 1483 482 1518 καὶ
499 1482 566 1518 ἐπὶ
580 1482 683 1529 ζυγὸν
700 1482 819 1527 αὐχένι

191 1543 314 1577 θεῖναι
341 1541 458 1587 βουσί.

145 1599 212 1648 Op.
231 1604 270 1638 et
295 1601 330 1636 d.
349 1603 421 1637 434
447 1598 484 1636 εἴ
508 1596 539 1645 χ’
554 1599 675 1646 ἕτερον
701 1599 818 1644 ἄξαις,

193 1655 312 1705 ἕτερόν
337 1654 369 1694 κ’
385 1657 453 1695 ἐπὶ
477 1659 583 1705 βουσὶ
607 1658 746 1706 βάλοιο.

144 1775 210 1823 Op.
229 1779 267 1822 et
292 1776 326 1812 d.
347 1778 418 1814 529
445 1776 683 1824 πρωτογόνων
707 1773 737 1811 τ’
751 1775 819 1824 ἐρί-

134 1855 142 1869 2
192 1847 289 1882 φων·
329 1834 397 1871 ἐπὶ
431 1831 463 1872 δ’
492 1833 642 1872 αἴθοπα
670 1834 820 1882 πινέμεν

193 1889 300 1930 οἶνον.

143 1952 210 2000 Op.
227 1955 265 1989 et
282 1952 316 1988 d.
340 1955 408 1991 797
432 1953 603 2002 πρηύνειν
625 1952 692 1988 ἐπὶ
716 1942 827 2000 χεῖρα-

192 2011 330 2054 τιθείς·
358 2012 548 2060 πεφύλαξο
574 2011 615 2048 δὲ
639 2013 759 2060 θυμῷ.

140 2069 175 2106 h.
188 2070 347 2119 Apol.H
356 2073 427 2109 204
438 2066 486 2107 ‘H
498 2070 562 2107 καὶ
576 2070 644 2112 ἐπὶ
657 2069 735 2119 ῥίον
746 2069 819 2108 ὦσε

191 2127 282 2173 ἄναξ
312 2127 481 2179 ἑκάεργος
506 2130 705 2167 Ἁπόλλων.

141 2245 498 2294 Ap01.11313=331
508 2251 583 2296 πῦρ
590 2243 622 2283 δ’
634 2245 820 2284 ἐπικαίον-

188 2317 251 2349 τες
262 2305 329 2342 ἐπί
343 2302 373 2340 τ’
383 2304 521 2353 ἄλφιτα
535 2307 644 2342 λευκὰ
656 2306 817 2353 θύοντες.

140 2361 251 2410 Apol.
278 2365 348 2401 253
385 2363 450 2399 καὶ
488 2364 532 2412 δὴ
574 2363 642 2399 ἐπὶ
680 2364 819 2413 Κρίσης

190 2417 267 2466 ’mx'
283 2420 454 2468 ἐφαίνετο
476 2422 618 2464 κόλπος
643 2422 816 2471 ἀπείρων.

1444 36 1553 71 XXIII

927 131 1104 178 κραιπνὸν
1154 130 1292 179 βορέην.
1349 131 1394 167 cf.
1430 144 1446 166 ε
1481 132 1552 167 366

928 192 974 224 Μ
999 191 1069 227 252
1096 192 1118 224 Ι
1138 191 1222 227 539.

881 249 927 285 cf.
951 250 982 285 Ο
1006 251 1077 286 279
1104 247 1189 283 ἐπεὶ
1205 244 1435 295 ἶ’δον”Εκτορ’
1452 247 1554 283 ἐποι-

928 308 1076 354 χόμενον
1107 305 1232 352 στίχας
1257 307 1402 354 ἀνδρῶν.
1438 308 1470 340 Ρ
1484 307 1556 342 356

929 364 1033 408 Αἴας
1067 368 1132 414 γὰρ
1165 366 1265 411 μάλα
1293 366 1436 406 πάντας
1461 364 1557 411 ἐπῴ-

928 437 1011 469 χετο
1055 423 1178 459 πολλὰ
1217 423 1378 459 κελεύων.
1422 425 1464 457 Π
1488 425 1558 459 155

873 523 878 527 .
931 481 1173 530 ΠῙυρμιδόνας
1215 480 1462 525 ἐποιχόμενος.
1512 481 1556 517 cf.

934 543 967 576 P
987 543 1068 579 215.

880 599 925 637 ef.
945 599 1099 647 κόρυθες
1128 596 1160 635 δ’
1177 595 1266 647 ἀμφ’
1284 597 1371 636 αὖον
1398 599 1557 639 ἀύτευον.

880 721 925 755 Λ
939 721 1011 758 233
1037 717 1105 755 ἐπὶ
1130 717 1243 765 μέγαν
1259 718 1366 766 ὅρκον
1388 718 1557 764 ὀμοῦμαι.

929 778 975 814 ef.
993 780 1017 812 I
1040 781 1123 822 132,
1149 779 1231 815 274.
1277 779 1314 814 Ψ
1335 780 1382 816 42
1426 780 1460 812 Φ
1486 781 1558 814 373

930 851 950 872 υ
977 839 1057 875 229.

880 895 926 932 ef.
957 897 995 930 K
1035 897 1082 932 99
1131 895 1246 942 αὐτὰρ
1287 896 1450 943 φυλακῆς
1492 894 1558 930 ἐπὶ

929 953 1042 1000 κάγχυ
1069 953 1272 990 λάθωνται.

880 1017 918 1048 Χ
945 1017 1015 1051 170
1055 1013 1179 1048 πολλὰ
1215 1016 1313 1058 βοῶν
1352 1012 1418 1048 ἐπὶ
1455 1009 1555 1061 μηρί’

927 1071 1040 1120 ἔκηεν.
1065 1085 1086 1115 χ
1109 1074 1180 1108 336
1206 1070 1378 1119 Λαέρτης
1388 1067 1558 1112 Ὀδυσεύς

927 1145 966 1167 τε
993 1134 1088 1177 βοῶν
1114 1129 1181 1167 ἐπὶ
1206 1127 1305 1180 μηρί’
1321 1130 1439 1179 ἔκηαν.
1485 1142 1506 1176 γ
1532 1132 1555 1167 9

926 1192 1007 1236 θεῷ
1032 1185 1064 1224 δ’
1081 1189 1148 1225 ἐπὶ
1173 1186 1270 1237 μηρί’
1286 1189 1402 1225 ἔκαον.

879 1249 925 1286 cf.
957 1262 981 1285 α
1016 1251 1087 1286 273
1110 1247 1195 1284 θεοὶ
1234 1244 1337 1284 δ’ἐπὶ
1376 1247 1551 1295 μάρτυροι

928 1308 1052 1344 ἔστων.

879 1368 936 1405 De
949 1366 1063 1415 equis,
1078 1366 1207 1411 bubus,
1222 1365 1333 1402 mulis
1348 1366 1415 1402 sub
1425 1366 1553 1413 iugum

932 1425 1106 1463 ducendis
1138 1424 1319 1462 Homerus
1348 1425 1558 1473 saepissime

930 1485 1046 1520 solum
1090 1484 1199 1520 dicit:
1252 1483 1326 1518 ὑπὸ
1368 1483 1408 1518 δὲ
1455 1483 1557 1529 ζυγὸν

933 1542 953 1555 ’l

933 1555 1069 1591 ηγαγεν.

879 1602 924 1638 of.
952 1602 986 1636 Ω
1010 1604 1080 1639 272
1112 1599 1180 1636 ἐπὶ
1211 1599 1251 1635 δὲ
1284 1599 1407 1646 κρίκον
1437 1599 1557 1645 ἕστορι

928 1659 1073 1706 βάλλον.
1127 1658 1149 1694 δ
1185 1661 1258 1697 440
1295 1657 1403 1703 βάλεν
1436 1653 1467 1692 δ’
1488 1656 1557 1693 ἐπὶ

928 1718 1041 1767 δέρμα
1073 1716 1225 1765 ἑκάστῳ.
1267 1717 1351 1760 (εἲ-ξ
1376 1720 1448 1756 520
1473 1732 1493 1753 υ
1519 1720 1553 1755 4.

879 1779 925 1816 ef.
951 1793 964 1815 ι
998 1782 1069 1817 297
1104 1777 1170 1813 καὶ
1201 1774 1261 1814 ἔπ’
1281 1777 1435 1825 ἄκρητον
1464 1775 1557 1821 γάλα

931 1837 1058 1874 πίνων.

881 1958 914 1990 Σ
944 1957 1013 1991 317
1057 1956 1180 2002 χεῖρας
1227 1949 1287 1988 ἐπ’
1317 1951 1557 2000 ἀνδροφόνους

930 2012 1086 2058 θέμενος
1111 2012 1316 2061 στήθεσσιν.

880 2073 925 2110 cf.
945 2073 978 2108 Ε
994 2075 1064 2110 308
1083 2070 1153 2107 ὦσε
1171 2067 1203 2106 δ’
1217 2070 1295 2106 ἀπὸ
1313 2069 1410 2117 ῥινὸν
1427 2070 1557 2118 τρηχὺς

930 2130 1047 2173 λίθος.
1078 2132 1192 2168 Ρ618
1219 2128 1259 2165 ἐκ
1285 2125 1316 2164 δ’
1334 2124 1390 2175 ἂρ’
1406 2127 1557 2171 ὀδόντας

929 2188 999 2226 ὦσε
1026 2189 1119 2235 δόρυ.

879 2250 922 2284 Λ
937 2250 1010 2286 460
1026 2261 1048 2283 κ
1066 2249 1137 2284 520
1156 2243 1224 2281 ἐπὶ
1243 2242 1274 2281 δ’
1291 2244 1428 2293 ἄλφιτα
1447 2246 1556 2281 λευκὰ

931 2306 1098 2343 πάλυνεν.

878 2365 980 2408 Haec
1004 2364 1141 2401 locutio
1167 2365 1213 2400 ab
1231 2376 1302 2400 usu
1318 2363 1430 2407 huius
1452 2364 1557 2401 verbi

928 2422 1026 2471 apud
1043 2422 1243 2458 Homerum
1264 2422 1460 2459 abhorrere
1484 2434 1557 2458 ma-
