1801 2720
192 68 224 100 11

194 173 289 220 quod
316 172 516 219 quaeritur,
535 175 661 219 aperte
685 175 872 220 appareat,
909 176 1032 208 tamen
1058 184 1113 208 me
1138 171 1176 207 iu
1204 171 1421 218 proferenda
1446 172 1527 210 sola
1553 184 1608 217 ea,
1640 167 1745 223 3'J43'*

195 243 288 279 quae
305 241 349 267 ex
366 230 424 266 his
442 230 618 278 exemplis
637 230 828 277 colligitur
844 243 894 276 re,
924 230 1127 267 contineam
1145 242 1289 267 necesse
1305 233 1373 273 est,
1393 231 1611 278 praesertim
1654 231 1677 279 J

195 302 274 325 eum
302 288 478 325 eiusmodi
505 289 670 336 exempla
696 289 774 325 sine
791 289 870 325 ulla
888 301 999 337 opera
1016 289 1055 325 in
1072 289 1235 337 qualibet
1253 287 1453 325 carminum
1472 290 1611 339 pag-ing
1632 316 1634 318 ,
1668 282 1741 323 1³53

194 348 443 384 inveniantur.
484 348 585 384 Haec
611 351 667 384 est
693 347 812 395 igitur
837 348 890 385 rei
917 360 1067 393 summa,
1105 349 1151 385 ab
1179 348 1336 385 Homero
1362 360 1543 396 nusquam
1568 359 1634 396 eo:
1658 364 1660 369 ¹

196 420 266 454 quo
301 407 460 443 diximus
495 407 645 443 consilio
682 407 814 443 tmesin
858 411 1075 455 usurpatam
1110 419 1197 444 esse.
1250 407 1377 454 Neque
1411 406 1458 443 ad
1496 406 1612 445 alium

197 469 369 501 eventum
395 465 593 512 perveniet,
623 465 654 501 si
672 465 735 512 qui
753 469 918 512 quaerat,
945 478 1032 501 num
1050 465 1148 502 forte
1169 464 1351 501 Homerus
1367 464 1414 501 ad
1432 459 1630 513 personas,
1692 453 1710 457 A*
1729 452 1744 485 ξ

198 523 424 560 denotandas
448 523 555 559 tmesi
581 537 670 560 usus
697 524 756 560 sit.
795 524 961 571 Namque
987 524 1136 560 deorum
1154 523 1451 571 dominorumque
1468 520 1612 559 dicendi

197 581 293 617 ratio
319 581 356 616 in
383 580 502 617 Iliade
527 585 565 617 et
592 580 757 628 Odyssea
783 582 892 628 plane
918 586 973 617 est
998 581 1123 617 eadem
1149 584 1258 629 atque
1281 581 1466 617 hominum
1494 578 1621 618 servoss

198 651 360 686 rumque.
412 637 510 683 Quid
537 638 695 675 mirum?
747 638 935 684 Quantum
971 640 1067 675 enim
1092 639 1265 676 interfuit
1289 640 1387 676 inter
1412 639 1550 677 domini
1577 644 1615 677 et
1668 671 1670 673 .

200 697 298 733 servi
324 697 566 733 eruditionem
591 702 714 733 aetate
739 698 834 733 illa?
860 698 1041 734 Homerus
1068 710 1154 733 sane
1180 710 1245 734 nee
1270 698 1391 734 voluit
1408 710 1474 734 nec
1490 698 1615 746 potuit

200 767 373 805 personas
398 755 466 792 hoc
492 756 596 792 modo
622 756 806 793 denotare.
1493 799 1495 801 ,

318 815 445 862 Neque
484 827 525 850 eo
552 815 703 852 consilio
737 836 780 841 —
811 820 854 851 ut
880 829 925 852 ex
951 816 1121 863 plurimis
1146 816 1340 863 exemplis,
1374 827 1466 863 quae
1492 820 1614 853 tamen

199 873 324 920 inopia
350 873 420 909 loci
456 885 527 909 non
561 874 850 910 enumerabimus
881 897 921 901 —
951 878 1095 923 poetam
1126 874 1232 912 tmesi
1267 887 1372 911 usum
1407 886 1485 911 esse
1518 874 1615 912 vide-

201 945 300 974 mus,
338 936 382 968 ut
416 932 562 979 legibus
587 933 750 969 metricis
775 934 1022 981 repugnantia
1057 935 1170 970 verba
1196 933 1395 980 composita
1420 933 1460 968 111
1486 946 1614 969 versus

201 990 373 1026 inducere
398 994 536 1037 posset;
565 1003 700 1038 magna
727 991 822 1027 enim
839 991 971 1028 talium
994 992 1190 1028 verborum
1208 1003 1294 1040 pars
1310 991 1383 1028 nisi
1399 1004 1465 1040 per
1481 991 1615 1028 tmesin

201 1061 272 1086 non
300 1048 450 1096 legitur,
478 1062 570 1097 quae
595 1053 718 1087 tamen
743 1050 871 1098 paucis
888 1051 1050 1099 exeeptis
1067 1054 1111 1087 ut
1130 1050 1385 1098 περινίπτωΩ
1403 1052 1487 1096 419,
1515 1064 1615 1098 περι-
1652 1084 1655 1085 ⁷

201 1107 322 1153 φεύγω
349 1110 397 1141 Μ
419 1110 502 1150 322,
531 1108 738 1155 περιλείπω
769 1112 804 1143 Τ
827 1111 915 1152 230,
945 1108 1155 1156 περπρέπω
1182 1122 1204 1144 κ
1230 1111 1321 1152 469,
1351 1110 1615 1158 παραπήγνυμι

204 1168 239 1201 Γ
264 1169 355 1207 135,
389 1165 569 1210 διατέμνω
606 1168 638 1200 P
657 1168 746 1212 522,
784 1169 876 1211 618,
913 1180 926 1202 ι
953 1169 1044 1211 291,
1082 1179 1104 1202 σ
1130 1169 1201 1205 339
1229 1166 1334 1204 salva
1359 1171 1439 1204 arte
1464 1167 1616 1205 metrica

203 1230 401 1274 potuerant
437 1227 604 1262 versibus
637 1227 795 1272 includi,
832 1231 871 1263 et
905 1227 962 1263 his
996 1227 1086 1275 ipsis
1133 1227 1277 1274 quidem
1303 1226 1448 1270 formis,
1485 1227 1616 1275 quibus

205 1289 333 1332 poetae
359 1285 518 1332 singulis
543 1284 634 1321 loeis
660 1297 752 1332 opus
775 1288 867 1322 erat.

323 1343 493 1380 Ceterum
519 1342 559 1379 in
585 1354 737 1390 magnas
763 1342 925 1379 salebras
951 1342 1212 1387 incideremus,
1248 1342 1280 1379 si
1314 1343 1479 1380 omnibus
1513 1344 1614 1390 locis,

205 1403 337 1450 quibus
363 1401 546 1449 dirempta
572 1402 684 1437 verba
715 1413 792 1437 esse
818 1401 1033 1445 videantur,
1062 1413 1101 1437 re
1126 1413 1214 1437 vera
1240 1401 1284 1436 de
1309 1401 1417 1437 tmesi
1452 1402 1618 1449 cogitare

204 1461 397 1504 vellemus,
433 1472 514 1496 cum
549 1460 659 1508 plura
692 1459 807 1497 fuisse
842 1459 991 1496 Homeri
1017 1463 1139 1497 aetate
1173 1460 1285 1497 verba
1312 1462 1511 1509 composita
1532 1475 1617 1499 -oon-

205 1521 329 1557 cedere
355 1533 421 1556 nos
446 1532 590 1556 necesse
617 1524 711 1556 esset
746 1532 853 1566 quam
887 1520 1112 1567 temporibus
1147 1520 1425 1567 posterioribus.
1469 1520 1617 1558 Etenim

204 1582 242 1617 in
270 1579 443 1617 adverbio
471 1578 567 1626 ἀμφί
594 1578 671 1615 solo
698 1579 898 1625 posteriore
923 1583 1045 1615 aetate
1062 1579 1283 1615 testimoniis
1310 1578 1435 1626 utique
1454 1583 1619 1615 carerent

205 1639 405 1687 composita
437 1638 541 1674 haec:
577 1637 853 1684 ἀμφαΐσσομαι,
891 1637 1189 1685 ἄμφιφράζομαι,
1217 1637 1494 1686 ἀμφικοναβέω,
1516 1638 1618 1685 «ἀμφ-

207 1697 409 1746 ανακηκίω,
438 1695 675 1744 α’μφιστέφω,
705 1696 874 1742 ἅμφεύω,
904 1696 1135 1743 ἀμφοπτάω,
1161 1696 1403 1744 ἄμφαφύσσω.
1435 1697 1492 1734 An
1517 1709 1619 1745 prae-

205 1761 316 1799 terea,
345 1756 407 1803 qui
433 1755 573 1792 factum
599 1759 664 1800 est,
693 1760 736 1792 ut
754 1756 791 1792 in
809 1756 856 1792 iis
873 1756 964 1804 ipsis
982 1756 1177 1798 adverbiis,
1205 1768 1296 1804 quae
1313 1746 1464 1793 localem
1481 1756 1619 1793 habent

206 1814 510 1863 significationem
545 1818 589 1851 ut
623 1813 737 1861 ἀφμί,
775 1814 879 1861 περί,
915 1815 970 1860 ἐν,
1008 1814 1097 1857 ὑπό,
1127 1815 1208 1859 διά,
1244 1815 1404 1864 plurima
1429 1816 1542 1852 verba
1567 1815 1619 1852 in-

208 1875 423 1919 veniantur,
464 1886 555 1921 quae
593 1873 666 1910 nisi
700 1874 864 1910 seiuncta
899 1875 944 1910 ab
981 1874 1166 1915 adverbiis
1205 1874 1283 1910 illis
1321 1886 1393 1910 non
1433 1875 1617 1921 legantur,

207 1935 316 1981 idque
342 1933 489 1968 minime
514 1936 743 1980 repugnante
769 1936 849 1969 arte
876 1933 1053 1969 metrica?
1086 1933 1215 1969 Nonne
1240 1933 1308 1969 hae
1334 1932 1485 1968 voculae
1511 1933 1616 1980 quasi

208 1993 312 2028 domo
338 2004 459 2027 secum
485 1989 657 2027 attulisse
683 1990 855 2026 videntur
881 1990 955 2026 vim
972 1993 1128 2026 naturae
1154 2002 1241 2026 suae
1267 1989 1480 2027 retinendae
1506 1994 1618 2037 atque

208 2049 502 2086 conservandae?
531 2049 627 2093 Quid
653 2053 721 2091 est,
749 2050 845 2096 quod
871 2053 1018 2085 exstent
1043 2049 1219 2096 quaedam
1245 2050 1357 2086 verba
1383 2049 1421 2085 in
1446 2049 1565 2086 Iliade
1581 2054 1620 2086 et

211 2109 397 2158 Odyssea,
435 2120 528 2156 quae
554 2120 693 2156 semper
720 2107 794 2144 sint
819 2106 857 2143 in
884 2107 991 2144 tmesi
1017 2119 1109 2155 quae
1133 2107 1271 2144 dicitur
1296 2107 1436 2156 posita,
1470 2120 1552 2145 cum
1574 2121 1621 2145 ea

208 2169 409 2216 posteriore
435 2171 556 2204 aetate
583 2168 783 2215 composita
807 2167 882 2202 sint
909 2168 1031 2210 verba,
1058 2171 1102 2203 ut
1128 2167 1354 2212 ἀποβάλλειν
1380 2167 1619 2214 compositum

209 2228 243 2263 h.
263 2227 371 2262 Merc.
392 2229 465 2264 380
490 2230 628 2271 exstat3
665 2224 891 2270 ἐξονομάζειν
924 2225 958 2261 11.
979 2225 1086 2262 Merc.
1106 2227 1175 2273 59;
1211 2226 1337 2273 (huius
1371 2225 1515 2274 quidem
1550 2226 1622 2263 1οοὶ

210 2286 317 2322 lectio
351 2285 463 2323 dubia
498 2289 572 2331 est;
609 2285 655 2321 ef.
674 2285 722 2321 A.
743 2284 912 2321 Gemoll
937 2284 976 2320 in
1002 2284 1160 2323 editione
1187 2285 1407 2333 hymnorum
1433 2284 1615 2323 Homerie.

210 2359 243 2391 p.
264 2348 336 2381 203
362 2346 441 2392 sq).
478 2343 639 2379 ἑπικαίω
673 2344 707 2379 h.
727 2344 837 2390 Apol.
857 2346 948 2385 491,
977 2345 1058 2380 509.
1091 2343 1303 2378 namtarum
1329 2344 1411 2391 (pro
1437 2341 1558 2389 τείνω)
1584 2342 1620 2380 11.

212 2402 287 2439 VII
313 2405 378 2448 343
418 2402 648 2451 κατεέργνυμι
684 2404 719 2440 11.
738 2403 847 2440 Mero.
871 2405 961 2450 3563
989 2404 1300 2451 κατακρεμάννυμι
1326 2404 1360 2441 h.
1379 2402 1534 2440 XXVII
1567 2405 1621 2441 16.

212 2462 310 2506 Quid
336 2467 409 2505 est,
446 2463 541 2509 quod
567 2464 679 2498 verba
705 2462 882 2510 quaedam
916 2462 954 2497 in
981 2463 1138 2498 Homero
1160 2463 1206 2498 ab
1231 2462 1416 2499 adverbiis
1442 2462 1618 2504 seiuncta,
