1801 2720
224 79 270 110 VI

225 195 307 219 cum
341 183 610 231 praepositione
647 183 831 219 coniuncti
864 169 973 231 plane
1007 188 1064 221 est
1106 182 1249 229 eadem,
1281 187 1325 221 ut
1359 183 1471 221 facile
1506 183 1647 225 msice
1668 171 1670 175 Α

226 241 376 289 quisque
414 241 588 289 exemplis
622 241 720 278 inter
746 254 783 277 se
809 242 971 278 collatis:
1024 245 1061 277 K
1085 245 1132 279 34
1157 247 1222 278 τοῦ
1248 239 1280 278 δ’
1296 239 1376 291 εὗρε
1401 237 1491 289 ἀμφ’
1506 240 1642 287 ὤμοισι
1687 248 1690 250 “

224 300 419 348 τιθήμενον
444 300 556 346 ἔντεα,
585 303 621 335 Κ
640 303 709 337 149
732 303 845 338 0479
870 314 892 345 χ
913 303 981 337 122
1009 297 1099 348 ἀμφ’
1116 300 1247 346 ὤμοισι
1265 301 1377 343 σάκος
1394 300 1494 344 θέτο,
1520 302 1550 335 θ
1567 302 1644 338 416

225 355 313 406 ἀμφ’
331 358 462 404 ὤμοισι
488 358 595 406 ξίφος
621 358 723 395 θέτο.
752 358 850 404 Quid
876 359 995 406 igitur
1020 361 1146 397 tmesis
1172 364 1228 397 est
1253 359 1476 397 statuenda?

343 421 386 453 A
411 421 480 456 811
520 431 571 466 sq.
604 420 697 454 κατὰ
736 418 776 454 δὲ
812 418 929 460 νότιος
964 417 1040 466 ῥέεν
1078 416 1189 467 ἱδρὼς
1226 418 1332 464 ὤμων
1369 418 1433 454 καὶ
1464 418 1639 466 κεφαλῆς.

226 477 364 514 Exstat
390 478 629 525 compositum
655 478 744 514 loeis
761 477 912 514 duobus.
941 481 976 512 A
994 480 1064 515 149
1082 479 1131 520 ὡς
1157 473 1250 514 εἶδεν
1274 478 1386 524 μέλαν
1402 472 1495 522 αἷμα
1511 489 1644 523 καταρ-

225 535 305 582 ρέον
331 535 368 578 ἐξ
393 537 546 584 ὠτειλῆς
572 538 693 584 (quem
719 537 863 584 quidem
892 549 1036 573 versum
1061 537 1227 574 Ariston.
1256 536 1421 585 spurium
1446 536 1575 582 habet)
1600 538 1642 584 et
1694 583 1697 585 ‚

227 597 259 630 E
283 598 355 633 870
386 595 499 638 δεῖξεν
533 591 564 630 δ’
591 594 772 641 ἄμβροτον
809 590 901 640 αἷμα
937 595 1132 643 καταρρέον
1166 595 1204 639 ἐξ
1237 596 1403 644 ὠτειλῆς(
1452 595 1504 632 Et
1538 595 1645 632 vides

226 654 338 690 aliam
371 666 448 690 esse
482 654 788 691 constructionem
822 654 1012 701 compositi
1048 658 1157 702 atque
1196 655 1299 691 verbi
1343 667 1425 690 cum
1463 653 1644 690 adverbio

226 713 337 761 positi
372 717 408 750 et
442 714 550 761 plane
584 713 766 749 diversam
797 725 921 750 eorum
957 714 1156 759 rationem;
1192 726 1349 761 namque
1370 713 1486 749 ‘nulla
1518 713 1645 749 visin

227 773 417 820 compositi
443 773 712 821 praepositione
738 786 815 810 esse
841 773 998 817 videtur,
1026 773 1181 810 utillud
1199 773 1237 816 ἐξ
1259 773 1426 810 additum
1443 772 1642 820 signifieat,

228 843 308 866 cum
343 831 380 866 in
415 830 588 867 adverbio
620 831 686 867 illo
712 831 805 866 κατά
840 834 948 868 tanta
974 831 1042 876 sit,
1079 835 1123 868 ut
1149 843 1254 868 casus
1279 831 1437 867 nominis
1464 831 1497 867 ei
1522 830 1643 879 possit

227 890 323 927 addi.
367 890 540 935 Accedit,
578 890 673 938 quod
707 891 844 927 locutio
878 891 983 927 verbi
1018 891 1063 927 ab
1099 891 1273 927 adverbio
1321 890 1494 939 dirempti
1532 890 1645 938 plane

227 949 386 996 quadrat
420 950 467 986 ad
501 951 721 987 locutionem
752 951 928 999 simplicis
963 964 1045 988 cum
1079 951 1347 999 praepositione
1383 950 1567 986 coniuncti
1598 953 1644 985 ut

227 1020 271 1043 ex
300 1008 363 1045 ,his
397 1013 551 1056 apparet
586 1009 779 1056 exemplis:
835 1011 866 1043 P
887 1011 957 1046 438
998 1009 1136 1055 δάκρυα
1166 1010 1286 1056 θερμὰ
1321 1010 1413 1044 κατὰ
1452 1008 1646 1055 βλεφάρων

226 1066 384 1110 χαμάδις
410 1065 476 1113 ῥέε.
506 1068 541 1101 Δ
564 1069 636 1103 452
665 1066 829 1111 ποταμοὶ
856 1063 935 1102 κατ’
952 1067 1078 1114 ὄρέσφι
1106 1067 1254 1113 ῥέοντες.

348 1128 389 1158 Π
412 1127 481 1160 123
515 1128 581 1171 τῆς
624 1121 656 1159 δ’
674 1120 772 1172 αἶψα
808 1121 886 1159 κατ’
910 1124 1067 1173 ἀσβέστη
1101 1124 1226 1169 κέχυτο
1261 1125 1366 1172 φλόξ,
1417 1127 1451 1159 Ψ
1475 1128 1545 1162 765
1572 1124 1644 1160 κὰδ

227 1180 257 1218 δ’
288 1182 358 1229 ἄρα
384 1181 418 1218 οἱ
445 1183 607 1231 κεφαλῆς
630 1178 680 1227 χέ’
698 1182 855 1228 ἀυτμένα
879 1179 1083 1225 Ὀδυσσεύς.

348 1241 576 1290 Quamquam
625 1242 749 1279 eadem
793 1246 849 1279 est
886 1243 987 1279 notio
1030 1247 1140 1291 atque
1183 1243 1405 1280 constructio
1449 1242 1643 1290 compositi

229 1302 274 1337 cf.
300 1304 336 1336 Ψ
358 1304 430 1338 282
467 1301 488 1337 ὅ
521 1313 639 1348 σφωιν
672 1302 772 1346 μάλα
808 1302 990 1344 πολλάκις
1017 1302 1119 1350 ’ὑγρὸν
1153 1302 1274 1338 ἔλαιον
1301 1301 1437 1347 χαίτων
1462 1301 1641 1346 κατέχευε,

227 1366 350 1397 tamen
385 1374 456 1397 non
488 1361 532 1397 de
562 1361 669 1397 tmesi
712 1361 774 1397 sed
809 1361 852 1397 de
884 1362 1057 1398 adverbio
1092 1362 1373 1410 praepositionis
1407 1362 1445 1398 vi
1471 1361 1642 1409 praedito

228 1420 482 1466 cogitabimus,
509 1421 725 1467 praesertim
752 1433 832 1456 cum
858 1421 896 1456 in
924 1421 990 1457 hac
1016 1422 1199 1457 sententia
1224 1422 1405 1457 similibus
1424 1422 1527 1458 verbi
1554 1421 1642 1457 sim-

227 1479 334 1526 plicis
361 1479 694 1515 constructionibus
722 1492 793 1515 non
819 1479 1050 1516 mediocriter
1070 1481 1339 1525 confirmemur;
1367 1480 1524 1526 legimus
1543 1480 1638 1516 enim

235 1540 266 1571 Y
289 1540 357 1574 321
395 1537 528 1572 αὐτίκα
563 1539 613 1583 τῷ
649 1537 714 1582 μὲν
745 1537 877 1572 ἔπειτα
910 1534 1209 1584 κατ’ὂφθαλμῶν
1241 1538 1318 1582 χέεν
1349 1538 1469 1582 ἀχλύν,
1509 1544 1542 1585 ψ
1571 1540 1645 1575 156

229 1595 342 1639 αὐτὰρ
369 1598 439 1631 κὰκ
457 1597 619 1644 κεφαλῆς
634 1602 733 1641 χεῦεν
753 1598 872 1633 πολλὺ
889 1598 1021 1639 κάλλος
1038 1599 1181 1646 Ἀθήνη.
1210 1600 1242 1633 Ε
1257 1600 1339 1642 696,
1369 1602 1409 1633 Π
1423 1600 1505 1644 344,
1535 1600 1567 1632 Σ
1581 1600 1642 1642 24,

229 1669 258 1690 ω
285 1658 354 1692 317
383 1655 481 1691 κόνιν
504 1656 635 1700 χεύατο
661 1657 732 1691 κὰκ
758 1658 928 1705 κεφαλῆς,
956 1657 1047 1693 cf.E
1070 1659 1152 1703 659,
1181 1661 1215 1692 Ν
1242 1660 1324 1701 580,
1353 1661 1392 1692 X
1414 1660 1497 1704 466,
1524 1661 1554 1694 θ
1581 1660 1643 1696 85.

346 1715 368 1750 δ
394 1718 465 1752 223
492 1714 534 1750 οὔ
558 1728 618 1750 κεν
644 1715 838 1763 ἐφημέριός
864 1729 901 1762 γε
927 1716 1035 1761 βάλοι
1061 1718 1154 1751 κατὰ
1180 1716 1291 1763 δάκρυ
1319 1721 1491 1764 παρειῶν.

346 1787 372 1818 μ
399 1776 471 1810 252
498 1772 622 1818 ἰχθύσι
648 1776 726 1816 τοῖς
751 1774 906 1821 ὀλιγοῖσι
933 1774 1038 1811 δόλον
1063 1775 1157 1811 κατὰ
1183 1773 1310 1811 εἴδατα
1333 1776 1465 1821 βαλών.

348 1832 369 1867 δ
397 1835 468 1870 198
494 1832 691 1879 κείρασθαί
717 1847 756 1869 τε
783 1834 897 1882 κόμην
921 1834 1064 1879 βαλέειν
1089 1831 1120 1869 τ’
1137 1834 1216 1870 ἀπὸ
1242 1835 1354 1882 δάκρυ
1381 1838 1552 1881 παρειῶν.

347 1890 369 1924 δ
395 1892 465 1927 358
491 1890 580 1925 ὅθεν
605 1886 635 1924 τ’
652 1891 729 1926 άπὸ
756 1895 844 1939 νῆας
869 1891 971 1933 ἐίσας
997 1892 1035 1933 ἐς
1062 1892 1197 1927 πόντον
1221 1893 1426 1937 βάλλουσιν.

347 1948 473 1985 Etiam
504 1949 562 1985 his
589 1953 765 1996 quattuor
802 1950 892 1986 locis
918 1951 997 1987 fieri
1033 1963 1104 1986 non
1137 1955 1277 1998 potest,
1314 1956 1359 2000 ut
1384 1952 1510 1989 tmesis
1544 1955 1646 1989 reete

229 2009 439 2052 statuatur3
475 2019 631 2054 namque
661 2007 846 2055 prioribus
879 2009 969 2045 locis
1000 2009 1142 2045 duobus
1178 2009 1253 2045 alia
1286 2015 1343 2046 est
1368 2011 1471 2047 verbi
1499 2015 1537 2047 et
1562 2021 1647 2047 eon-

229 2064 385 2100 structio
412 2068 449 2100 et
474 2064 576 2101 notio
603 2067 713 2112 atque
740 2065 843 2101 verbi
870 2066 1079 2114 compositi3
1116 2070 1223 2103 sonat
1248 2067 1342 2103 enim
1369 2069 1454 2106 hoc:
1491 2070 1641 2112 deicere,

230 2122 428 2158 deturbare
461 2124 492 2158 O
518 2125 587 2160 357
622 2136 673 2171 sq.
706 2125 843 2169 Φοῖβος
878 2131 927 2160 34.
956 2127 986 2172 ῥ.
1014 2123 1131 2169 ὄχθας
1164 2125 1343 2161 καπέτοιο
1376 2131 1408 2172 β.
1445 2129 1580 2164 ποσσὶν
1612 2129 1647 2164 ἒ·
1706 2137 1709 2140 ’

231 2179 371 2226 ρείπων
402 2180 439 2222 ἐς
464 2181 597 2225 μέσσον
623 2182 832 2226 κατέβαλλε,
860 2181 880 2225 ζ
908 2186 977 2220 172
1005 2187 1064 2218 νῦν
1089 2179 1120 2217 δ’
1137 2183 1268 2219 ἐνθάδε
1294 2185 1454 2230 κάββαλε
1480 2186 1641 2231 δαίμων,-

229 2251 337 2275 sensu
362 2239 507 2277 mitiore
538 2241 569 2275 Θ
595 2243 667 2277 249
695 2242 773 2289 πὰρ
798 2239 839 2276 δὲ
856 2242 945 2284 Διὸς
961 2244 1074 2289 βωμῷ
1091 2256 1133 2277 π.
1161 2243 1321 2288 κάββαλε
1346 2244 1478 2292 νεβρόν.
1511 2248 1555 2280 M
1568 2247 1643 2282 206

229 2298 328 2345 μέσῳ
356 2296 387 2333 δ’
404 2299 455 2335 ἐνὶ
473 2297 624 2346 κάββαλ’
641 2300 757 2347 ὁμίλῳ
777 2302 1000 2349 (δράκοντα).
1029 2305 1051 2336 Ι
1064 2305 1135 2339 206
1162 2302 1275 2351 αὐτὰρ
1301 2303 1322 2339 δ’
1348 2317 1385 2350 γε
1411 2306 1530 2351 κρεῖον
1550 2303 1648 2350 μέγα

230 2357 412 2402 κάββαλεν
446 2358 484 2393 έν
509 2360 624 2406 πυρὸς
659 2358 760 2407 αὐγῇ.
814 2362 846 2394 Ε
870 2363 941 2397 343
973 2362 993 2408 ἡ
1019 2360 1059 2396 δὲ
1095 2361 1187 2407 μέγα
1214 2360 1364 2406 ἰάχουσα
1390 2362 1468 2398 ἀπὸ
1494 2361 1532 2397 ἑό
1558 2362 1643 2408 κάβ-

231 2416 340 2459 βαλεν
366 2414 451 2451 υἱόν.
481 2430 500 2462 ρ
527 2420 598 2453 302
625 2416 713 2464 οὐρῇ
738 2417 803 2461 μέν
828 2413 857 2464 ῥ’
874 2418 895 2453 ὅ
921 2414 949 2464 γ’
966 2417 1067 2466 ἔσηνε
1093 2419 1155 2454 καὶ
1183 2418 1297 2454 οὔατα
1314 2420 1494 2464 κάββαλεν
1519 2419 1641 2466 ἄμφω..

230 2473 426 2520 Significat
461 2475 614 2522 denique
640 2475 828 2512 destruere
860 2479 887 2510 Β
912 2479 995 2520 414,
1022 2481 1251 2525 prosternere
1279 2481 1310 2513 B
1336 2480 1417 2515 692.
1454 2471 1647 2526 Nusquam
