1801 2776
260 77 352 108 XXX
378 59 381 62 ,

263 171 330 218 Op.
349 173 394 206 et'
413 171 446 206 d.
468 171 542 207 652
572 169 759 214 μείναντες
783 173 942 215 χειμῶνα

311 229 428 264 πολὺν
453 229 517 264 σὺν
538 228 630 264 ’λαὸν
657 227 812 276 ἄγειραν.

262 464 401 499 Καταλ.
440 466 509 501 109
565 462 689 499 ἔκτανε
741 463 940 512 Λητοίδην,

311 523 420 569 φίλον
446 523 510 558 σὺν
535 522 654 568 θυμὸν
680 521 816 569 ὀρίνων.
895 526 896 529 ’

263 581 383 617 Eoeae
412 584 478 618 157
507 582 571 617 σὺν
596 579 637 617 δὲ
671 581 792 624 πόδας
819 581 943 629 χεῖράς

312 652 351 676 τε
378 639 451 676 δέει
478 640 643 687 γλῶσσάν
669 653 708 676 τε
734 640 815 676 νόον
841 654 890 676 τε.

261 699 296 735 h.
316 699 426 736 Mero.
449 700 517 736 108
554 700 617 734 σὺν
650 695 682 734 δ’
699 698 820 747 ἐφόρει
851 698 942 742 ξύλα

312 757 444 804 πολλοί,
472 758 589 805 πυρὸς
614 754 646 794 δ’
667 757 867 804 ἐπεμαίετο
891 759 942 796 τέ-

311 830 405 865 χνην.

263 876 373 911 Mero.
383 877 455 912 294
473 876 536 910 σὺν
553 872 584 911 δ’
600 875 670 922 ἄρα
687 877 942 924 φρασσάμενος

313 932 395 983 τότε
421 933 463 981 δι)
489 934 622 981 κρατὺς
636 935 899 984 Ἀργειφόντης.

264 992 298 1027 h.
317 991 412 1027 XIV
440 996 462 1028 3
487 986 511 1040 ᾗ
555 993 696 1041 (μητέρι
722 996 834 1041 θεῶν)
863 1007 942 1042 κρο-

312 1050 432 1086 τάλων
457 1051 629 1087 τυπάνων
654 1048 685 1087 τ’
702 1051 784 1101 ἰαχὴ
816 1053 878 1089 σύν
903 1067 942 1090 τε

311 1109 447 1156 Ιβρόμος
473 1109 592 1146 αὐλῶν
617 1110 753 1147 εὔαδεν.

267 1168 396 1216 Epigr.
420 1171 479 1211 14,
524 1172 565 1206 11
611 1171 673 1205 σὺν
712 1170 752 1206 δὲ
790 1171 944 1216 κάμινος

313 1231 418 1263 πᾶσα
445 1227 626 1276 κινηθείη.

1003 168 1168 215 Simplex
1194 166 1350 213 ἀγάρειν
1383 179 1464 203 cum
1491 165 1614 203 eadem
1640 178 1681 203 re

1052 226 1195 263 obiecta
1248 225 1484 263 conium
1532 224 1681 274 saepius

1051 285 1150 334 apud
1176 285 1374 322 Homerum
1392 283 1590 329 invenitur,
1617 283 1685 321 ιὰ-

1051 344 1217 380 verbium
1250 343 1284 379 ei
1317 343 1355 379 in
1393 355 1524 390 genere
1561 342 1679 379 medio

1052 403 1128 439 solo
1154 402 1305 440 additur
1329 405 1373 439 ut
1398 402 1420 437 λ
1446 403 1529 444 632,
1557 401 1640 439 388.

1002 462 1048 498 cf.
1063 462 1097 496 Ω
1106 464 1177 498 467
1197 462 1257 497 ἵνα
1274 459 1308 496 οἱ
1328 461 1392 496 σὺν
1409 461 1529 505 θυμὸν
1546 459 1677 507 ὀρίνῃς.

1002 579 1047 616 cf.
1065 593 1087 624 χ
1107 581 1176 617 189
1202 581 1266 617 σὺν
1292 579 1332 615 δὲ
1358 579 1477 620 πόδας
1500 577 1624 625 χεῖράς
1639 589 1679 613 τε

1051 642 1141 679 δέον.
1621 680 1624 684 ⁴

1001 702 1048 739 cf.
1081 702 1113 737 Θ
1151 703 1222 739 507
1263 698 1330 735 ἐπὶ
1364 697 1403 733 δὲ
1434 696 1521 740 ξύλα
1556 694 1679 731 πολλὰ

1051 760 1219 808 λέγεσθε,
1256 759 1302 796 of.
1321 761 1404 795 547.
1442 769 1467 793 ·σ
1493 758 1563 794 308
1591 754 1678 803 περὶ

1053 819 1092 856 δὲ·
1113 819 1208 862 ξύλα
1234 813 1381 865 κάγκαν’
1398 815 1536 864 ἔθηκαν
1562 812 1644 850 αὖα.

1001 880 1046 915 In
1072 880 1230 915 Homero
1266 878 1415 913 verbum
1443 873 1678 921 compositum

1052 937 1169 974 solum
1195 938 1326 972 exstat.

1001 996 1047 1032 In
1072 995 1224 1031 Homeri
1259 992 1480 1030 carminibus
1513 989 1607 1027 nihil
1633 988 1679 1025 si·

1051 1053 1138 1090 mile
1163 1052 1319 1089 invenio.

1003 1169 1166 1218 Simplex
1193 1169 1339 1218 saepius
1369 1167 1516 1216 quidem
1541 1167 1580 1203 in
1605 1166 1679 1202 Ho-

1051 1241 1150 1266 mero
1176 1228 1325 1276 legitur,
1352 1233 1532 1275 nusquam
1555 1230 1679 1263 ,tamen

1051 1288 1089 1324 in
1116 1287 1299 1324 locutione
1325 1287 1448 1323 simili.

920 1372 929 1385 ζ
936 1375 1019 1411 Υπό

261 1452 475 1487 adverbium
502 1465 584 1488 cum
610 1453 732 1489 verbis
759 1454 992 1490 coniunctum
1017 1454 1206 1490 invenitur
1239 1453 1277 1488 in
1303 1453 1421 1489 Iliade
1447 1456 1486 1489 et
1511 1452 1679 1500 Odyssea

262 1510 423 1558 octogies
449 1511 651 1560 quinquies
694 1514 729 1547 Ψ
755 1514 822 1550 108
849 1512 933 1560 lego
959 1508 1018 1561 ὕφ’
1035 1512 1158 1560 ἵμερον
1184 1507 1256 1559 (ἐφ’
1278 1511 1412 1557 Eust.).
1435 1511 1469 1546 Ω
1494 1513 1566 1549 576
1599 1512 1635 1545 Ψ
1657 1513 1676 1548 7

266 1570 298 1603 Θ
324 1571 395 1605 343
423 1573 511 1604 sunt
535 1570 835 1616 praepositiones.
886 1570 932 1606 In
956 1571 1109 1607 Hesiodi
1145 1570 1368 1607 carminibus
1394 1571 1533 1617 legitur
1558 1570 1678 1616 semel,

261 1628 300 1664 in
326 1628 474 1676 hymnis
499 1628 704 1665 Homericis
721 1629 847 1666 sexies.
875 1630 900 1666 l.
919 1621 1052 1669 XXXI
1073 1633 1117 1667 14
1144 1642 1272 1667 versus
1296 1642 1445 1666 mancus
1471 1641 1551 1666 esse
1580 1628 1679 1665 vide-

260 1693 341 1733 tur;
369 1688 415 1724 cf.
434 1688 555 1724 Abel
581 1701 615 1736 p.
638 1691 718 1733 106,
747 1689 944 1734 Gemoll,
971 1704 1005 1738 p.
1025 1693 1108 1728 357.

263 1758 399 1805 Theog.
419 1761 490 1796 835
517 1758 647 1795 ἄλλοτε
665 1755 697 1795 δ’
714 1758 760 1795 αὖ
779 1756 940 1808 ῥοίζεσχ’,

313 1817 385 1853 ι”πὸ
411 1813 444 1853 δ’
461 1816 558 1866 ἤχεεν
583 1818 691 1866 οὔρεα
716 1820 847 1867 μακρά.

1001 1761 1058 1798 Re
1091 1759 1249 1798 conferri
1285 1761 1440 1807 possunt
1470 1760 1503 1793 Β
1529 1759 1577 1795 95
1605 1757 1680 1793 ὑπὸ

1028 1843 1032 1847 -
1053 1819 1093 1855 δὲ
1110 1817 1337 1864 στοναχίζετο
1356 1819 1453 1864 γαῖα.
1473 1820 1544 1856 465
1564 1817 1679 1864 αὐτὰρ

1052 1878 1127 1913 ὑπὸ
1151 1881 1254 1922 χθὼν
1280 1890 1339 1923 σμ.
1366 1875 1543 1921 κονάβιζε.

260 1935 295 1970 h.
323 1935 434 1982 Apol.
454 1934 494 1970 ῙῙ
513 1937 585 1972 329
628 1936 703 1971 ἰ”πὸ
748 1932 780 1971 δ’
803 1935 941 1983 ἕρματα

309 1995 430 2039 μακρὰ
458 1993 647 2029 τάνυσσαν.

261 2052 295 2088 h.
312 2052 421 2089 Mero.
434 2054 482 2088 54
501 2052 722 2100 σμερδαλέον
741 2052 919 2102 κονάβησε
932 2064 939 2072 ·

309 2112 399 2153 θεὸς
425 2107 458 2147 δ’
475 2111 551 2147 ὑπὸ
587 2112 698 2148 καλὸν
723 2111 853 2148 ἄειδεν.
894 2111 940 2148 ef.

309 2173 393 2207 502.

1050 1996 1238 2031 τάνυσσαν.

1002 2054 1049 2090 cf.
1069 2055 1102 2088 Σ
1123 2055 1197 2091 570
1223 2050 1364 2102 ἱμερόεν
1388 2051 1556 2099 κιθάριζε
1582 2050 1681 2092 λίνον

1052 2109 1083 2148 δ’
1108 2113 1182 2149 ὑπὸ
1216 2113 1327 2149 καλὸν
1364 2111 1491 2151 ἄειδεν,
1544 2126 1572 2160 φ
1607 2115 1678 2150 411

1052 2173 1072 2220 ἡ
1098 2168 1130 2207 δ’
1148 2172 1223 2208 ὑπὸ
1247 2172 1360 2208 καλὸν
1385 2171 1494 2208 ἄεισε.

1002 1937 1048 1974 cf.
1067 1940 1111 1971 A
1134 1939 1207 1975 486
1237 1936 1310 1972 ὐπὸ
1345 1931 1378 1971 δ’
1394 1934 1532 1990 ἕρματα
1556 1935 1678 1982 μακρὰ
1740 1974 1759 1976 ⁷,

261 2229 295 2265 h.
306 2229 415 2266 Mero.
429 2232 500 2267 273
517 2228 609 2274 χθὲς
623 2229 781 2278 γενόμην,
797 2229 939 2266 ἁπαλοὶ

309 2288 348 2323 δὲ
366 2288 491 2334 πόδες,
519 2291 664 2336 τρηχεῖα
685 2285 716 2324 δ’
735 2290 810 2325 ὑπὸ
826 2290 938 2334 χθών.

261 2348 295 2383 h.
315 2346 465 2382 XXXII
492 2349 523 2383 4v
549 2348 683 2394 κρατὸς
717 2344 784 2383 ἀπ’
803 2347 942 2383 ἀθανά-

309 2418 407 2450 τοιο,
462 2406 581 2447 πολὺς
632 2402 664 2442 δ’
685 2407 759 2442 ὑπὸ
807 2406 942 2451 κόσμος

309 2462 450 2511 ὄρωρεν.

1002 2231 1107 2268 Nihil
1134 2231 1255 2269 simile
1281 2232 1319 2268 in
1337 2231 1488 2268 Homeri
1515 2230 1681 2267 carmini-

1051 2292 1119 2327 bus
1145 2291 1345 2328 invenitur.

1002 2352 1031 2384 θ
1074 2351 1146 2387 380
1198 2350 1316 2390 πολὺς
1359 2345 1390 2384 δ’
1426 2349 1499 2383 ὑπὸ
1546 2347 1681 2392 κόσμος

1052 2407 1188 2456 ὀρώρει.
1217 2412 1259 2443 Π
1272 2410 1344 2446 363
1371 2408 1445 2443 ὑπὸ
1472 2405 1512 2442 δὲ
1537 2405 1680 2447 κτύπος

1050 2466 1184 2513 ὤρνυτο
1208 2467 1353 2503 ποσσίν.
