1801 2776
1524 78 1570 110 XI

161 180 353 230 compositi
379 179 584 226 ἐμπίπτειν
609 179 842 226 significatio,
870 179 1015 216 diversa
1042 192 1128 216 vero
1145 181 1223 218 eius
1242 181 1490 218 conformatio.
1519 182 1572 218 Et

144 239 318 287 ,legimus
339 238 495 286 >quidem
529 238 638 275 semel
672 241 713 272 H
736 240 780 276 81
817 250 868 286 sq.
896 240 983 273 νεῶν
1018 238 1095 273 ἀπὸ
1125 237 1244 284 λοιγὸν
1270 239 1409 284 ἀμύνων
1434 234 1568 283 ἔμπεσ’

163 294 392 344 ἐπικρατέως
416 295 496 344 (11111
521 298 642 332 tamen
655 294 776 332 'facile
802 295 968 332 exaudiri
989 299 1112 344 potest
1129 296 1284 342 ναυσίν),
1312 297 1374 333 sed
1399 297 1458 333 hic
1475 310 1571 333 unus
1632 317 1647 328 a

164 356 265 392 locus
299 354 429 403 quanti
460 357 517 391 est
549 354 740 391 faciendus
773 358 900 391 contra
926 355 1163 399 locutionem,
1208 366 1316 403 quam
1353 356 1573 404 approbavit
1636 388 1639 391 .

165 413 279 450 usus?
318 413 364 450 In
389 426 411 448 κ
438 415 507 450 317
535 411 572 448 ἐν
598 412 640 448 δέ
659 426 699 449 τε
724 413 916 460 φάρμακον
944 412 1005 462 ἧκε
1034 418 1072 450 et
1098 426 1126 460 φ
1151 416 1197 451 47
1225 414 1262 449 ἐν
1287 412 1327 449 δὲ
1352 414 1483 462 κληῖδα
1510 413 1572 462 ἧκε

164 484 223 509 res
248 483 286 508 se
311 471 423 508 habet
448 471 511 514 sic,
538 475 582 508 ut
606 471 646 507 in
672 472 870 520 composito
896 470 1097 517 ἐμβάλλειν,
1133 472 1178 508 (10
1212 484 1282 519 quo
1307 472 1433 520 paullo
1460 484 1572 519 supra

164 534 220 567 est
245 534 378 567 aetum.
407 530 583 567 Omnibus
610 543 697 567 vero
723 531 823 576 locis,
852 531 983 579 quibus
1008 530 1165 577 legimus
1191 530 1270 566 ἀπὸ
1287 530 1403 575 θυμὸν
1421 528 1572 577 ὀλέσσῃς

163 592 356 636 propterea
381 588 507 624 tmesis
532 589 729 625 statuenda
753 601 826 625 non
852 593 917 632 est,
947 589 1043 635 quod
1069 588 1214 635 saepius
1240 589 1364 624 eadem
1389 589 1572 624 locutione

163 646 304 694 legitur
328 646 483 694 simplex
508 647 675 693 verbum;
704 647 750 684 cf.
766 650 804 681 A
828 649 910 690 205,
938 649 981 682 Λ
997 648 1079 690 342,
1113 649 1142 681 Υ
1159 648 1242 690 412,
1275 648 1307 681 Θ
1324 648 1406 688 358,
1437 646 1471 680 Ω
1489 648 1571 688 638,

165 708 199 740 Ρ
218 707 300 750 616,
329 715 508 752 nusquam
533 709 656 742 tamen
682 706 930 754 compositum.

280 763 301 806 ξ
326 765 394 800 341
434 763 474 799 ἐκ
499 763 565 808 μέν
588 777 634 809 με
658 765 808 809 χλαῖνάν
833 778 871 800 τε
895 765 1029 808 χιτῶνά
1054 778 1093 800 τε
1119 760 1236 809 εἵματ’
1253 763 1391 799 ἔδυσαν.
1435 763 1574 799 Nullus

164 827 220 860 est
245 822 372 860 tmesis
397 822 513 870 locus;
541 835 696 872 namque
722 845 768 850 —
794 828 839 861 ut
865 823 1032 860 omittam
1059 836 1204 860 versum
1230 822 1264 859 11.
1284 822 1375 859 Ven.
1400 825 1480 865 165,
1508 822 1572 870 qui

163 883 268 919 nobis
293 882 542 930 respiciendus
567 895 640 919 non
664 886 720 919 est
744 905 792 910 —
818 883 894 919 alia
919 888 976 919 est
1001 883 1040 919 in
1065 882 1184 918 Iliade
1210 887 1266 919 est
1292 881 1457 929 Odyssea
1483 894 1572 917 com-

164 941 275 989 positi
301 942 421 984 notio,
458 941 534 978 alia
560 942 801 988 constructio,
837 946 944 979 sonat
970 942 1084 978 enim:
1120 953 1230 986 exuo,
1269 941 1408 989 depono
1445 943 1480 975 Γ
1503 942 1573 977 114

164 1000 287 1044 τεύχεα
312 1000 503 1044 ἐξεδύοντο,
529 1001 550 1044 ξ
574 1004 646 1038 460
672 1002 775 1043 ἐκδύς
799 1000 850 1044 [οἱ
872 1002 1020 1046 χλαῖναν
1038 1001 1186 1047 πόροι);
1219 1005 1378 1037 ceterum
1403 1000 1571 1037 notione:

164 1060 350 1107 egredior,
379 1061 516 1108 effugio
545 1061 701 1109 legitur;
737 1061 876 1109 duplici
902 1061 1110 1098 accusativo
1136 1073 1316 1108 nusquam
1342 1060 1570 1107 adiungitur.

282 1122 326 1154 A
350 1122 432 1163 572,
470 1122 552 1161 578,
589 1133 609 1166 γ
637 1122 716 1163 164,
750 1134 782 1154 π
808 1123 888 1165 375,
918 1122 989 1157 656
1015 1120 1079 1156 ubi
1104 1120 1262 1167 legimus
1286 1119 1381 1155 illud
1408 1116 1476 1154 ἐπί
1501 1131 1572 1154 τινι

166 1177 233 1226 ἦρα
259 1177 382 1225 φέρειν
415 1179 519 1215 nulla
551 1179 676 1215 tmesis
710 1183 833 1227 potest
858 1179 973 1228 accipi
998 1183 1149 1227 propter
1174 1179 1357 1214 diversam
1383 1177 1572 1225 compositi

165 1237 269 1273 verbi
288 1238 493 1284 notionem3
511 1241 617 1274 sonat
634 1238 728 1275 enim
746 1238 834 1274 hoc:
853 1250 981 1274 manus
998 1238 1184 1274 hostiliter
1201 1238 1343 1280 inferre,
1368 1237 1571 1279 admovere,

165 1300 208 1332 ut
234 1298 278 1330 A
302 1298 348 1334 89
375 1308 445 1343 σοι,
472 1297 517 1333 cf.
541 1310 573 1331 π
598 1299 680 1342 438,
714 1299 748 1331 T
770 1298 851 1333 261.

284 1359 327 1390 A
350 1358 423 1393 480
457 1355 524 1391 ἐπί
558 1369 596 1392 τε
631 1357 687 1391 λῖν
714 1354 821 1403 ’ἤγαγε
846 1354 997 1401 δαίμων,
1039 1357 1075 1390 Ψ
1099 1357 1167 1393 188
1194 1357 1245 1401 τῷ
1271 1352 1302 1390 δ’
1318 1356 1385 1391 ἐπὶ
1415 1368 1447 1390 κ.
1467 1354 1575 1401 νέφος

168 1413 274 1463 ἤγαγε
312 1417 356 1449 Φ.
376 1414 574 1460 Ἀπόλλων,
604 1426 627 1449 σ
643 1417 711 1451 137
749 1409 827 1449 οἷον
861 1410 921 1450 ἔπ’
939 1413 1033 1462 ἦμαρ
1067 1413 1175 1461 ἄγῃσι
1212 1415 1333 1462 πατὴρ
1368 1413 1503 1460 ἀνδρῶν
1536 1425 1575 1447 τε

167 1475 264 1509 θεῶν
289 1486 338 1509 τε.
365 1473 522 1521 Propter
548 1473 729 1510 diversam
755 1472 945 1521 compositi
963 1474 1065 1510 verbi
1091 1474 1283 1518 notionem,
1311 1474 1407 1522 quod
1432 1473 1574 1509 duobus

166 1535 288 1568 exstat
312 1532 413 1577 locis,
440 1545 461 1567 τ
486 1534 568 1576 445,
595 1532 615 1574 ξ
641 1534 723 1575 392,
751 1532 876 1568 tmesis
900 1545 972 1568 non
999 1536 1055 1569 est
1080 1533 1298 1581 accipienda.
1332 1533 1426 1568 Nam
1453 1545 1573 1579 quam-

168 1603 275 1638 quam
300 1591 379 1627 loco
405 1592 523 1627 altero
550 1591 644 1626 idem
669 1591 746 1627 fere
772 1602 900 1627 sonare
926 1590 1085 1635 videtur,
1114 1591 1211 1639 quod
1236 1593 1386 1628 verbum
1413 1604 1492 1627 cum
1515 1590 1575 1627 ad-

171 1650 292 1686 verbio
327 1650 577 1693 coniunctum,
613 1650 658 1687 cf.
681 1663 702 1685 τ
728 1652 799 1687 445
835 1651 885 1691 ὡς
917 1648 1116 1697 ἐπάγοντες
1149 1651 1295 1699 ἐπῇσαν
1330 1651 1422 1698 (scil.
1440 1651 1574 1699 κύνας),

168 1714 289 1747 tamen
316 1710 456 1758 aliquid
483 1710 580 1747 inter
604 1710 788 1747 notionem
805 1709 997 1758 utriusque
1015 1710 1117 1746 verbi
1134 1710 1297 1747 interest.
1325 1710 1574 1758 Compositum

169 1769 262 1804 enim
290 1769 369 1806 loco
386 1769 500 1806 citato
525 1769 711 1818 propriam
737 1781 822 1805 sane
848 1769 959 1805 habet
984 1769 1070 1812 vim,
1098 1782 1179 1805 cum
1205 1770 1242 1805 in
1270 1771 1379 1806 verbo
1406 1770 1444 1805 in
1469 1769 1576 1805 tmesi

169 1841 262 1876 quae
288 1829 423 1866 dicitur
447 1829 577 1877 posito,
606 1841 684 1866 eam
709 1829 832 1877 potius
858 1828 995 1865 sentias
1021 1828 1326 1875 significationem
1353 1841 1394 1864 ae
1420 1828 1451 1864 si
1477 1827 1576 1864 dicas

169 1888 374 1933 germanice
409 1888 629 1935 „jemandem
664 1893 778 1924 etwas
803 1888 1054 1930 zuschicken“,
1089 1891 1133 1924 ut
1168 1889 1244 1925 fere
1270 1888 1423 1935 simplex
1454 1891 1577 1925 exstat

139 1970 142 1974 -
173 1946 207 1980 Ω
232 1948 300 1984 547
330 1947 387 1982 τοὶ
414 1950 522 1995 πῆμα
547 1943 621 1982 τόδ’
638 1946 768 1995 ἤγαγον
797 1945 1017 1994 Οὐρανίονες.
1076 1946 1214 1983 Contra
1241 1947 1317 1983 loco
1342 1946 1469 1992 altero,
1496 1946 1576 1983 dico

170 2004 191 2046 ξ
217 2007 287 2042 392
315 2001 351 2039 σ’
367 2000 442 2040 οὐδ’
459 2005 594 2050 ὀμόσας
620 2018 690 2052 περ
717 2004 901 2053 ἐπήγαγον
939 2005 1191 2049 „adduxerunt
1222 2018 1278 2050 e0,
1314 2010 1357 2041 ut
1390 2005 1571 2041 crederes“

170 2061 393 2109 significatio
419 2062 609 2110 compositi
634 2063 742 2110 plane
768 2066 823 2098 est
848 2062 933 2098 alia.

294 2123 330 2155 Ψ
354 2124 422 2158 112
449 2120 516 2157 ἐπὶ
542 2117 573 2155 δ’
590 2121 676 2168 ἀνὴρ
701 2120 835 2162 ἐσθλὸς
860 2120 985 2168 ὀρώρει

295 2182 330 2214 Ψ
352 2182 424 2217 689
450 2180 516 2215 ἐπὶ
543 2176 574 2214 δ’
590 2179 723 2225 ὤρνυτο
749 2180 828 2221 δῖος
850 2175 997 2221 Ἐπειός

295 2240 331 2273 Ψ
355 2240 424 2276 759
450 2237 516 2275 ἐπὶ
543 2234 574 2273 δ’
590 2237 722 2286 ὤρνυτο
749 2239 828 2281 δῖος
850 2234 1044 2280 Ὀδυσσεύς

170 2298 330 2346 itemque
355 2298 445 2335 locis
471 2311 491 2344 γ
519 2301 605 2343 176,
633 2301 716 2342 471,
743 2298 764 2341 ξ
792 2301 861 2336 104
886 2312 990 2336 1101110
1016 2299 1146 2336 tmesin
1173 2302 1271 2336 recte
1296 2299 1469 2348 accipiet,
1498 2312 1578 2336 cum

170 2370 216 2394 ne
247 2371 360 2393 unum
395 2358 534 2405 quidem
569 2358 686 2406 possit
718 2358 921 2406 exemplum
956 2358 1144 2407 compositi
1179 2359 1304 2395 afferri
1339 2359 1487 2395 notione
1525 2371 1577 2401 ea,

171 2429 279 2465 quam
305 2418 416 2455 habet
441 2419 591 2458 verbum
617 2418 706 2455 locis
733 2417 938 2466 adscriptis
967 2419 1082 2455 Sonat
1107 2418 1202 2455 enim
1229 2419 1466 2466 compositum
1493 2423 1578 2454 aut:

173 2474 286 2512 incito
313 2480 449 2519 contra,
476 2480 520 2513 ut
548 2478 639 2513 P72
658 2478 690 2511 E
707 2479 776 2514 765
794 2490 811 2512 ε
830 2479 910 2520 109,
933 2479 1018 2523 1673
1045 2477 1245 2514 translate:
1272 2477 1430 2513 immitto
1451 2491 1472 2525 η
1491 2479 1578 2520 271;
