1801 2776
308 36 416 68 XXVI

359 131 421 177 τὴν
456 127 553 178 ἱερὴν
586 130 746 177 κεφαλὴν
780 130 874 165 κατὰ
901 131 987 176 γαῖα

356 189 546 225 καλύπτει.

309 486 376 531 Op.
396 482 485 522 etd.
506 485 578 521 556
604 486 723 530 χρῶτα
750 481 790 519 δὲ
810 481 989 528 μυδαλέον

364 542 446 590 θήῃ,
474 542 567 578 κατά
594 538 631 576 θ’
647 542 780 587 εἵματα
806 542 925 589 δεύσῃ.

310 719 447 754 Kamul.
465 721 513 755 54
537 717 599 752 καὶ
619 717 685 764 γάρ
702 729 790 765 σφιν
806 717 987 765 κεφαλῇσι

359 778 454 812 κατὰ
480 777 585 819 κνῦος
611 776 711 813 αἰνὸν
737 776 860 821 ἔχευεν.

312 955 424 1001 Ἀγών
457 957 502 991 79
542 950 682 989 ὁππότ’
709 953 753 989 ἃν
791 953 990 1002 εὐφροσύνη

359 1013 425 1058 μέν
451 1013 512 1061 ἔχῃ
538 1014 632 1048 κατὰ
659 1013 774 1060 δῆμον
798 1012 958 1050 ἅπαντα.

313 1072 423 1118 Ἀγών
449 1073 521 1108 280
539 1068 711 1119 Ἕρμόνην
736 1067 767 1106 τ’
784 1071 926 1119 Ἀσίνην
951 1084 989 1106 τε

361 1131 483 1176 βαθὺν
508 1130 603 1165 κατὰ
629 1129 769 1165 κόλπον
795 1128 954 1174 ἐχούσας.

313 1190 422 1239 Apol.
441 1189 483 1225 II
502 1192 572 1226 279
613 1185 746 1237 ἐκβῆτ’,
782 1187 865 1224 οὐδὲ
899 1185 986 1225 καθ’

364 1249 466 1285 ὅπλα
491 1246 665 1297 μελαίνης
691 1248 775 1297 νηὸς
800 1247 946 1284 ἔθεσθε.

310 1366 344 1403 h.
373 1366 483 1402 Mero.
513 1367 534 1402 8
553 1380 593 1397 =
611 1365 647 1402 h.
676 1364 811 1401 XVIII
846 1367 867 1402 8
908 1365 989 1413 (pro

360 1423 456 1470 ὄφρα
481 1424 624 1470 legitur
651 1424 768 1459 altero
786 1424 865 1459 loco
884 1422 989 1469 εὖτε).

360 1481 456 1529 ὄφρα
487 1481 582 1517 κατὰ
611 1481 741 1526 γλυκὺς
773 1482 891 1523 ὕπνος
916 1481 990 1526 ἔχοι

361 1541 576 1577 λευκώλενον
596 1537 719 1588 ἰἨρην.

310 1659 419 1695 Mere.
448 1661 519 1696 365
559 1652 663 1694 Ἠτοι
704 1653 758 1705 ἂρ’
784 1656 835 1700 ὣς
873 1656 991 1695 εἰπὼν

360 1713 438 1753 κατ’
461 1712 516 1764 ἂρ>
538 1715 637 1759 ἕζετο
668 1720 709 1753 Φ.
730 1716 920 1752 Ἀπόλλων
954 1721 990 1753 et

362 1775 453 1812 Ven.
473 1778 520 1812 30
546 1774 609 1810 καί
627 1788 665 1810 τε
682 1775 782 1822 μέσῳ
801 1773 889 1822 οἴκῳ
910 1772 987 1811 κατ’

361 1830 415 1880 ἂρ’
432 1832 531 1876 ἕζετο
559 1836 652 1880 πῖαρ
678 1832 820 1869 ἑλοῦσα.

312 1893 404 1928 Ven.
420 1895 464 1928 57
485 1892 670 1937 ἔκπαγλος
688 1891 727 1927 δὲ
744 1894 839 1927 κατὰ
858 1892 991 1939 φρένας

361 1953 487 1999 ἵμερος
512 1946 616 1989 εἷλεν.

313 2069 402 2106 Ven.
433 2071 501 2106 156
541 2067 632 2115 ἕρπε
670 2071 990 2116 μεταστρεφθεῖσα

362 2125 441 2164 κατ’
458 2127 578 2173 ὅματα
615 2128 710 2163 καλὰ
743 2128 907 2172 βαλοῦσα
944 2127 989 2163 cf.

360 2187 395 2222 h.
416 2186 495 2224 Cer.
518 2188 598 2223 194.

315 2246 403 2282 Ven.
432 2249 502 2283 233
538 2243 615 2281 ἀλλ’
646 2246 705 2282 ὅτε
744 2246 787 2294 δὴ
827 2246 991 2290 πάμπαν

361 2306 528 2355 στυγερὸν
561 2307 656 2342 κατὰ
692 2313 804 2354 γῆρας
834 2306 986 2353 ἔπειγεν.

312 2365 402 2401 Ven.
415 2367 485 2402 285
504 2365 574 2405 κὰδ
591 2361 622 2400 δ’
637 2362 691 2412 ἂρ’
704 2361 770 2400 ἀπ’
781 2365 989 2412 εὐστρώτων

361 2423 489 2468 λεχέων
515 2423 635 2471 θόρον.

1098 139 1191 176 quae
1223 127 1402 175 leguntur
1430 129 1471 162 A
1495 129 1569 173 460
1600 130 1633 164 P
1651 130 1726 180 534

1099 188 1232 225 11325
1275 187 1392 233 7457
1436 188 1563 233 μ360
1606 190 1723 227 τ507

1098 249 1127 282 θ
1165 249 1210 284 92
1262 244 1282 288 ξ
1326 247 1397 283 349
1449 244 1581 293 quibus
1631 246 1727 284 illud

1098 305 1192 342 κατά
1209 334 1215 341 .
1231 332 1241 341 .
1258 331 1266 340 .
1282 333 1289 341 .
1309 304 1493 340 καλύπτει
1511 304 1627 342 variis
1644 318 1726 342 eum

1098 367 1206 409 rebus
1277 364 1428 402 obiectis
1495 363 1726 416 coniunctum

1097 425 1248 472 legitur.

1049 483 1096 521 cf.
1117 486 1138 519 I
1151 485 1224 521 490
1250 482 1412 519 πολλάκι
1425 494 1489 527 μοι
1507 480 1727 526 κατέδευσας

1099 541 1166 577 ἐπὶ
1184 541 1359 589 στήθεσσι
1376 544 1521 585 χιτῶνα.
1541 554 1563 588 η
1583 542 1654 578 259
1671 554 1724 589 sq.

1097 600 1231 643 εἵματα
1257 595 1289 636 δ’
1302 600 1359 636 ἀεὶ
1379 600 1531 648 δάκρυσι
1549 599 1724 636 δεύεσκον.

1098 659 1144 695 of.
1164 662 1186 694 I
1206 661 1279 696 570
1310 661 1346 694 Ψ
1370 662 1425 696 15.

1050 717 1094 756 cf.
1127 719 1197 754 κὰδ
1235 715 1267 754 δ’
1288 718 1359 766 ἄρα
1400 717 1436 755 οἱ
1474 720 1635 767 κεφαλῆς
1670 715 1724 764 χέ’

1098 776 1256 823 αὐτμένα
1291 778 1322 814 δ.
1341 773 1547 828 Ὀδυσσεύς.
1599 790 1621 813 σ
1657 781 1726 817 188

1099 837 1208 885 κούρῃ
1245 832 1399 884 Ἰκαρίου
1450 837 1544 886 κατὰ
1601 837 1728 884 γλυκὺν

1100 897 1216 931 ’ὕπνον
1233 894 1357 940 ἔχευεν.
1385 885 1473 932 effi
1499 898 1583 933 433.

1051 956 1097 992 ef.
1127 968 1140 991 ι
1164 957 1185 992 6
1214 955 1235 1003 ἢ
1268 950 1319 990 ὅτ’
1335 954 1533 1002 εὐφροσύνη
1567 954 1633 999 μὲν
1666 954 1727 1003 ἔχῃ

1099 1015 1193 1049 κατὰ
1220 1014 1333 1062 δῆμον
1360 1012 1519 1049 ἅπαντα.

1050 1075 1083 1107 Β
1108 1074 1182 1110 560
1206 1072 1300 1108 idem
1328 1083 1456 1107 versus
1480 1070 1631 1117 legitur.

1056 1193 1089 1225 T
1115 1193 1157 1227 12
1188 1190 1261 1226 θεὰ
1295 1190 1391 1225 κατὰ
1426 1188 1549 1233 τεύχεα
1585 1187 1726 1237 ἔθηκεν.

1105 1251 1141 1284 Ψ
1163 1251 1232 1287 851
1260 1248 1330 1285 κὰδ
1356 1244 1387 1283 δ’
1405 1246 1522 1285 ἐτίθει
1549 1247 1636 1284 δέκα
1661 1247 1728 1292 μὲν

1101 1307 1287 1352 πελεκέας.
1316 1307 1362 1343 cf.
1388 1309 1424 1341 Ψ
1438 1309 1520 1349 700,
1541 1308 1623 1350 798,
1644 1307 1726 1344 884.

1051 1366 1096 1402 cf.
1117 1380 1130 1401 ι
1150 1369 1220 1404 372
1246 1365 1318 1401 κὰδ
1344 1364 1383 1402 δέ
1408 1379 1472 1410 μιν
1497 1365 1613 1406 ὕπνος
1637 1361 1726 1414 ᾕρει.

1105 1426 1133 1457 Β
1155 1426 1230 1463 ,699
1261 1421 1345 1458 τότε
1376 1419 1407 1457 δ’
1424 1422 1490 1471 ἤδη
1526 1423 1602 1467 ἔχεν
1632 1424 1726 1460 κάτα

1101 1483 1189 1528 γαῖα
1204 1480 1369 1527 μέλαινα.
1390 1481 1412 1516 λ
1429 1483 1499 1518 497
1519 1481 1647 1527 οὕνεκα
1663 1495 1728 1526 μιν

1100 1541 1192 1575 κατὰ
1206 1544 1317 1587 γῆρας
1330 1538 1401 1583 ἔχει
1412 1539 1536 1586 χεῖράς
1553 1553 1591 1576 τε
1607 1539 1728 1581 πόδας

1100 1612 1148 1634 τε.
1177 1599 1222 1635 cf.
1242 1612 1255 1634 ι
1283 1601 1316 1635 6.

1051 1658 1096 1694 of.
1114 1657 1343 1695 notissimam
1378 1658 1482 1694 illa-m
1511 1657 1727 1695 formulam:

1103 1716 1121 1765 ἦ
1159 1730 1217 1753 τοι
1253 1713 1305 1763 ὅγ’
1331 1717 1380 1759 ὣς
1414 1714 1532 1753 εἰπὼν
1567 1712 1645 1751 κατ’
1670 1712 1724 1763 ἂρ’

1100 1775 1212 1819 ἕζετο.

1052 1894 1096 1930 cf.
1117 1907 1130 1928 ι
1158 1895 1229 1930 372
1256 1893 1325 1928 κὰδ
1352 1892 1393 1928 δέ
1417 1906 1480 1938 μιν
1496 1893 1612 1934 ὕπνος
1638 1890 1725 1941 ᾕρει.

1101 1954 1144 1987 Λ
1168 1954 1214 1989 89
1241 1951 1342 1987 σίτον
1367 1965 1405 1988 τε
1432 1952 1616 1998 γλυκεροῖο
1640 1952 1727 1998 περὶ

1062 2018 1065 2021 ’
1100 2010 1233 2058 φρένας
1259 2011 1382 2057 ἵμερος
1407 2008 1513 2057 αἱρεῖ.

1052 2069 1096 2105 ef.
1117 2082 1136 2116 ρ
1161 2071 1231 2106 302
1263 2068 1352 2116 οὐρῇ
1382 2068 1448 2114 μέν
1481 2064 1510 2116 ῥ’
1527 2068 1548 2104 ὃ
1581 2064 1610 2116 γ’
1627 2068 1729 2118 ἔσηνε

1100 2127 1163 2163 καὶ
1192 2127 1305 2164 οὔατα
1331 2128 1512 2172 κάββαλεν
1538 2126 1660 2174 ἄμφω.

1052 2246 1097 2282 cf.
1123 2248 1158 2280 Ψ
1172 2248 1243 2283 623
1271 2245 1337 2294 ’ήδη
1364 2246 1431 2293 γὰρ
1454 2245 1617 2290 χαλεπὸν
1634 2247 1727 2281 κατὰ

1100 2310 1212 2353 γῆρας
1236 2304 1391 2352 ἔπειγεν.
1760 2352 1763 2353 ⁷

1051 2366 1086 2401 A
1119 2366 1164 2400 79
1215 2363 1285 2398 κὰδ
1335 2359 1366 2398 δ’
1396 2358 1496 2410 ἔθορ’
1512 2363 1550 2406 ἐς
1596 2361 1730 2407 μέσσον

1103 2422 1283 2471 (Ἀθήνη)-
