<?xml version="1.0" encoding="UTF-8"?>
<!DOCTYPE html PUBLIC "-//W3C//DTD XHTML 1.0 Transitional//EN"
    "http://www.w3.org/TR/xhtml1/DTD/xhtml1-transitional.dtd">
<html xmlns="http://www.w3.org/1999/xhtml" xml:lang="en" lang="en">
 <head>
  <title>
</title>
<meta http-equiv="Content-Type" content="text/html;charset=utf-8" />
  <meta name='ocr-system' content='tesseract 3.04.00' />
  <meta name='ocr-capabilities' content='ocr_page ocr_carea ocr_par ocr_line ocrx_word'/>
</head>
<body>
  <div class='ocr_page' id='page_1' title='image "4737384_0017.png"; bbox 0 0 1801 2776; ppageno 0'>
   <div class='ocr_carea' id='block_1_1' title="bbox 1512 89 1558 119">
    <p class='ocr_par' dir='ltr' id='par_1_1' title="bbox 1512 89 1558 119">
     <span class='ocr_line' id='line_1_1' title="bbox 1512 89 1558 119; baseline 0 0"><span class='ocrx_word' id='word_1_1' title='bbox 1512 89 1558 119; x_wconf 89' lang='lat' dir='ltr'><strong>IX</strong></span> 
     </span>
    </p>
   </div>
   <div class='ocr_carea' id='block_1_2' title="bbox 146 190 1557 2524">
    <p class='ocr_par' dir='ltr' id='par_1_2' title="bbox 149 190 1556 359">
     <span class='ocr_line' id='line_1_2' title="bbox 265 190 1556 239; baseline 0.001 -12"><span class='ocrx_word' id='word_1_2' title='bbox 265 192 464 237; x_wconf 85' lang='lat' dir='ltr'><strong>Pergemus</strong></span> <span class='ocrx_word' id='word_1_3' title='bbox 494 190 532 226; x_wconf 93' lang='lat' dir='ltr'><strong>in</strong></span> <span class='ocrx_word' id='word_1_4' title='bbox 565 190 742 239; x_wconf 86' lang='lat' dir='ltr'><strong>exemplis</strong></span> <span class='ocrx_word' id='word_1_5' title='bbox 773 190 1026 227; x_wconf 72' lang='lat' dir='ltr'><strong>enumerandis</strong></span> <span class='ocrx_word' id='word_1_6' title='bbox 1058 194 1096 227; x_wconf 87' lang='lat' dir='ltr'><strong>et</strong></span> <span class='ocrx_word' id='word_1_7' title='bbox 1134 191 1325 228; x_wconf 84' lang='lat' dir='ltr'><strong>afferemus</strong></span> <span class='ocrx_word' id='word_1_8' title='bbox 1367 205 1462 228; x_wconf 89' lang='lat' dir='ltr'><strong>nunc</strong></span> <span class='ocrx_word' id='word_1_9' title='bbox 1496 204 1556 229; x_wconf 84' lang='lat' dir='ltr'><strong>eos</strong></span> 
     </span>
     <span class='ocr_line' id='line_1_3' title="bbox 149 249 1553 297; baseline -0.001 -10"><span class='ocrx_word' id='word_1_10' title='bbox 149 251 257 294; x_wconf 79' lang='lat' dir='ltr'><strong>locos,</strong></span> <span class='ocrx_word' id='word_1_11' title='bbox 285 249 416 297; x_wconf 88' lang='lat' dir='ltr'><strong>quibus</strong></span> <span class='ocrx_word' id='word_1_12' title='bbox 442 249 596 297; x_wconf 82' lang='lat' dir='ltr'><strong>simplex</strong></span> <span class='ocrx_word' id='word_1_13' title='bbox 621 249 805 285; x_wconf 80' lang='lat' dir='ltr'><strong>locutione</strong></span> <span class='ocrx_word' id='word_1_14' title='bbox 831 249 966 291; x_wconf 81' lang='lat' dir='ltr'><strong>eadem,</strong></span> <span class='ocrx_word' id='word_1_15' title='bbox 1000 261 1073 297; x_wconf 79' lang='lat' dir='ltr'><strong>qua</strong></span> <span class='ocrx_word' id='word_1_16' title='bbox 1099 250 1249 285; x_wconf 85' lang='lat' dir='ltr'><strong>verbum</strong></span> <span class='ocrx_word' id='word_1_17' title='bbox 1275 263 1355 285; x_wconf 89' lang='lat' dir='ltr'><strong>cum</strong></span> <span class='ocrx_word' id='word_1_18' title='bbox 1381 251 1553 286; x_wconf 84' lang='lat' dir='ltr'><strong>adverbio</strong></span> 
     </span>
     <span class='ocr_line' id='line_1_4' title="bbox 149 308 1245 359; baseline -0.002 -13"><span class='ocrx_word' id='word_1_19' title='bbox 149 308 317 359; x_wconf 85' lang='lat' dir='ltr'><strong>positum,</strong></span> <span class='ocrx_word' id='word_1_20' title='bbox 344 320 417 344; x_wconf 88' lang='lat' dir='ltr'><strong>non</strong></span> <span class='ocrx_word' id='word_1_21' title='bbox 442 308 639 345; x_wconf 87' lang='lat' dir='ltr'><strong>invenitur.</strong></span> <span class='ocrx_word' id='word_1_22' title='bbox 668 308 782 345; x_wconf 89' lang='lat' dir='ltr'><strong>Cuius</strong></span> <span class='ocrx_word' id='word_1_23' title='bbox 807 308 952 355; x_wconf 88' lang='lat' dir='ltr'><strong>generis</strong></span> <span class='ocrx_word' id='word_1_24' title='bbox 977 311 1065 344; x_wconf 84' lang='lat' dir='ltr'><strong>sunt</strong></span> <span class='ocrx_word' id='word_1_25' title='bbox 1090 308 1128 344; x_wconf 89' lang='lat' dir='ltr'><strong>hi</strong></span> <span class='ocrx_word' id='word_1_26' title='bbox 1154 308 1245 344; x_wconf 87' lang='lat' dir='ltr'><strong>loci:</strong></span> 
     </span>
    </p>

    <p class='ocr_par' dir='ltr' id='par_1_3' title="bbox 214 363 1425 413">
     <span class='ocr_line' id='line_1_5' title="bbox 214 363 1425 413; baseline -0.001 -9"><span class='ocrx_word' id='word_1_27' title='bbox 214 379 217 382; x_wconf 83' lang='grc'><strong>’</strong></span> <span class='ocrx_word' id='word_1_28' title='bbox 265 371 302 404; x_wconf 88' lang='grc' dir='ltr'><strong><em>Κ</em></strong></span> <span class='ocrx_word' id='word_1_29' title='bbox 325 370 397 404; x_wconf 85' lang='grc'><strong>535</strong></span> <span class='ocrx_word' id='word_1_30' title='bbox 423 365 557 402; x_wconf 81' lang='grc' dir='ltr'><em>ἳππων</em></span> <span class='ocrx_word' id='word_1_31' title='bbox 580 363 617 411; x_wconf 78' lang='grc' dir='ltr'><strong>μ’</strong></span> <span class='ocrx_word' id='word_1_32' title='bbox 633 367 835 402; x_wconf 79' lang='grc' dir='ltr'><em>ὠκυπόδων</em></span> <span class='ocrx_word' id='word_1_33' title='bbox 861 366 957 413; x_wconf 86' lang='grc' dir='ltr'><em>ἀμφὶ</em></span> <span class='ocrx_word' id='word_1_34' title='bbox 984 367 1124 408; x_wconf 78' lang='grc' dir='ltr'><strong><em>κτύπος</em></strong></span> <span class='ocrx_word' id='word_1_35' title='bbox 1151 366 1265 401; x_wconf 52' lang='grc' dir='ltr'><em>οὔατα</em></span> <span class='ocrx_word' id='word_1_36' title='bbox 1289 368 1425 411; x_wconf 82' lang='grc' dir='ltr'><em>βάλλει.</em></span> 
     </span>
    </p>

    <p class='ocr_par' dir='ltr' id='par_1_4' title="bbox 149 424 1555 532">
     <span class='ocr_line' id='line_1_6' title="bbox 265 424 1555 473; baseline 0 -11"><span class='ocrx_word' id='word_1_37' title='bbox 265 425 345 462; x_wconf 90' lang='grc' dir='ltr'><strong>Ηο0</strong></span> <span class='ocrx_word' id='word_1_38' title='bbox 374 425 454 462; x_wconf 89' lang='grc'>1000</span> <span class='ocrx_word' id='word_1_39' title='bbox 485 426 529 463; x_wconf 91' lang='lat' dir='ltr'><strong>de</strong></span> <span class='ocrx_word' id='word_1_40' title='bbox 559 425 666 463; x_wconf 82' lang='lat' dir='ltr'><strong>tmesi</strong></span> <span class='ocrx_word' id='word_1_41' title='bbox 697 424 854 473; x_wconf 84' lang='lat' dir='ltr'><strong>cogitari</strong></span> <span class='ocrx_word' id='word_1_42' title='bbox 891 425 1038 462; x_wconf 80' lang='lat' dir='ltr'><strong>diversa</strong></span> <span class='ocrx_word' id='word_1_43' title='bbox 1073 425 1264 473; x_wconf 79' lang='lat' dir='ltr'>compositi</span> <span class='ocrx_word' id='word_1_44' title='bbox 1290 425 1392 462; x_wconf 79' lang='lat' dir='ltr'><strong>verbi</strong></span> <span class='ocrx_word' id='word_1_45' title='bbox 1418 425 1555 462; x_wconf 91' lang='lat' dir='ltr'><strong>locutio</strong></span> 
     </span>
     <span class='ocr_line' id='line_1_7' title="bbox 149 484 921 532; baseline 0.001 -12"><span class='ocrx_word' id='word_1_46' title='bbox 149 488 263 528; x_wconf 83' lang='lat' dir='ltr'><strong>vetat,</strong></span> <span class='ocrx_word' id='word_1_47' title='bbox 291 484 336 520; x_wconf 91' lang='lat' dir='ltr'><strong>de</strong></span> <span class='ocrx_word' id='word_1_48' title='bbox 361 496 434 531; x_wconf 79' lang='lat' dir='ltr'><strong>qua</strong></span> <span class='ocrx_word' id='word_1_49' title='bbox 459 484 533 520; x_wconf 89' lang='lat' dir='ltr'><strong>iam</strong></span> <span class='ocrx_word' id='word_1_50' title='bbox 558 498 593 532; x_wconf 87' lang='lat' dir='ltr'><strong>p.</strong></span> <span class='ocrx_word' id='word_1_51' title='bbox 615 488 643 521; x_wconf 93' lang='lat'><strong>7.</strong></span> <span class='ocrx_word' id='word_1_52' title='bbox 661 488 784 520; x_wconf 84' lang='lat' dir='ltr'><strong>actum</strong></span> <span class='ocrx_word' id='word_1_53' title='bbox 810 488 877 521; x_wconf 85' lang='lat' dir='ltr'><strong>est.</strong></span> <span class='ocrx_word' id='word_1_54' title='bbox 919 487 921 489; x_wconf 80' lang='grc'><strong>’</strong></span> 
     </span>
    </p>

    <p class='ocr_par' dir='ltr' id='par_1_5' title="bbox 149 536 1556 768">
     <span class='ocr_line' id='line_1_8' title="bbox 197 536 1556 590; baseline -0.002 -10"><span class='ocrx_word' id='word_1_55' title='bbox 197 577 199 580; x_wconf 76' lang='grc'>,</span> <span class='ocrx_word' id='word_1_56' title='bbox 256 536 306 575; x_wconf 70' lang='grc' dir='ltr'><strong>’Τ</strong></span> <span class='ocrx_word' id='word_1_57' title='bbox 326 544 398 579; x_wconf 85' lang='grc'><strong>366</strong></span> <span class='ocrx_word' id='word_1_58' title='bbox 426 555 476 590; x_wconf 93' lang='lat' dir='ltr'><strong>sq.</strong></span> <span class='ocrx_word' id='word_1_59' title='bbox 505 540 542 577; x_wconf 75' lang='grc' dir='ltr'><em>ἐν</em></span> <span class='ocrx_word' id='word_1_60' title='bbox 566 541 606 578; x_wconf 84' lang='grc' dir='ltr'><strong>δέ</strong></span> <span class='ocrx_word' id='word_1_61' title='bbox 625 541 658 578; x_wconf 78' lang='grc' dir='ltr'><strong>οἱ</strong></span> <span class='ocrx_word' id='word_1_62' title='bbox 679 542 764 590; x_wconf 79' lang='grc' dir='ltr'><em>ἦτορ</em></span> <span class='ocrx_word' id='word_1_63' title='bbox 790 539 862 578; x_wconf 77' lang='grc' dir='ltr'><em>δῦν’</em></span> <span class='ocrx_word' id='word_1_64' title='bbox 878 542 974 587; x_wconf 83' lang='grc' dir='ltr'><em>ἄχος.</em></span> <span class='ocrx_word' id='word_1_65' title='bbox 1006 542 1086 578; x_wconf 90' lang='grc' dir='ltr'><strong>Ηο0</strong></span> <span class='ocrx_word' id='word_1_66' title='bbox 1103 542 1181 577; x_wconf 91' lang='grc'>1000</span> <span class='ocrx_word' id='word_1_67' title='bbox 1198 546 1348 589; x_wconf 88' lang='lat' dir='ltr'><strong>propter</strong></span> <span class='ocrx_word' id='word_1_68' title='bbox 1366 543 1556 589; x_wconf 77' lang='lat' dir='ltr'>compositi</span> 
     </span>
     <span class='ocr_line' id='line_1_9' title="bbox 152 601 1554 650; baseline -0.001 -12"><span class='ocrx_word' id='word_1_69' title='bbox 152 602 254 638; x_wconf 80' lang='lat' dir='ltr'><strong>verbi</strong></span> <span class='ocrx_word' id='word_1_70' title='bbox 280 601 613 641; x_wconf 80' lang='lat' dir='ltr'><strong>dissimilitudinem</strong></span> <span class='ocrx_word' id='word_1_71' title='bbox 629 602 910 649; x_wconf 85' lang='lat' dir='ltr'><strong>significationis</strong></span> <span class='ocrx_word' id='word_1_72' title='bbox 927 601 1053 638; x_wconf 87' lang='lat' dir='ltr'><strong>tmesis</strong></span> <span class='ocrx_word' id='word_1_73' title='bbox 1070 605 1167 638; x_wconf 81' lang='lat' dir='ltr'><strong>recte</strong></span> <span class='ocrx_word' id='word_1_74' title='bbox 1185 601 1302 649; x_wconf 81' lang='lat' dir='ltr'><strong>accipi</strong></span> <span class='ocrx_word' id='word_1_75' title='bbox 1319 612 1390 636; x_wconf 93' lang='lat' dir='ltr'><strong>non</strong></span> <span class='ocrx_word' id='word_1_76' title='bbox 1416 604 1554 650; x_wconf 82' lang='lat' dir='ltr'><strong>potest;</strong></span> 
     </span>
     <span class='ocr_line' id='line_1_10' title="bbox 149 659 1549 708; baseline -0.001 -12"><span class='ocrx_word' id='word_1_77' title='bbox 149 664 256 696; x_wconf 87' lang='lat' dir='ltr'><strong>sonat</strong></span> <span class='ocrx_word' id='word_1_78' title='bbox 280 660 375 696; x_wconf 88' lang='lat' dir='ltr'><strong>enim</strong></span> <span class='ocrx_word' id='word_1_79' title='bbox 401 660 484 697; x_wconf 88' lang='lat' dir='ltr'><strong>hoc:</strong></span> <span class='ocrx_word' id='word_1_80' title='bbox 520 660 653 696; x_wconf 89' lang='lat' dir='ltr'><strong>induor</strong></span> <span class='ocrx_word' id='word_1_81' title='bbox 677 660 819 708; x_wconf 88' lang='lat' dir='ltr'><strong>aliquid</strong></span> <span class='ocrx_word' id='word_1_82' title='bbox 845 663 925 697; x_wconf 83' lang='lat' dir='ltr'><strong>B42</strong></span> <span class='ocrx_word' id='word_1_83' title='bbox 953 659 1070 696; x_wconf 78' lang='grc' dir='ltr'><em>ἔνδυνε</em></span> <span class='ocrx_word' id='word_1_84' title='bbox 1093 663 1240 705; x_wconf 75' lang='grc' dir='ltr'><em>χιτῶνα,</em></span> <span class='ocrx_word' id='word_1_85' title='bbox 1268 659 1313 695; x_wconf 87' lang='lat' dir='ltr'><strong>cf.</strong></span> <span class='ocrx_word' id='word_1_86' title='bbox 1334 662 1371 694; x_wconf 94' lang='lat' dir='ltr'><strong><em>K</em></strong></span> <span class='ocrx_word' id='word_1_87' title='bbox 1395 661 1452 702; x_wconf 82' lang='lat'><strong>21,</strong></span> <span class='ocrx_word' id='word_1_88' title='bbox 1484 662 1549 695; x_wconf 86' lang='lat'><strong>131</strong></span> 
     </span>
     <span class='ocr_line' id='line_1_11' title="bbox 149 718 1319 768; baseline 0.001 -14"><span class='ocrx_word' id='word_1_89' title='bbox 149 718 267 755; x_wconf 76' lang='grc' dir='ltr'><em>ἔνδυνε</em></span> <span class='ocrx_word' id='word_1_90' title='bbox 294 718 380 765; x_wconf 81' lang='grc' dir='ltr'><em>περὶ</em></span> <span class='ocrx_word' id='word_1_91' title='bbox 406 718 581 768; x_wconf 71' lang='grc' dir='ltr'><em>στήθεσσι</em></span> <span class='ocrx_word' id='word_1_92' title='bbox 603 722 747 764; x_wconf 84' lang='grc' dir='ltr'><em>χιτῶνα.</em></span> <span class='ocrx_word' id='word_1_93' title='bbox 1315 761 1319 765; x_wconf 29' lang='lat'><strong><em>⁴</em></strong></span> 
     </span>
    </p>

    <p class='ocr_par' dir='ltr' id='par_1_6' title="bbox 147 775 1557 1645">
     <span class='ocr_line' id='line_1_12' title="bbox 267 775 1556 827; baseline 0.001 -15"><span class='ocrx_word' id='word_1_94' title='bbox 267 779 298 812; x_wconf 90' lang='grc' dir='ltr'><strong><em>Ε</em></strong></span> <span class='ocrx_word' id='word_1_95' title='bbox 321 780 392 814; x_wconf 90' lang='grc'><strong>416</strong></span> <span class='ocrx_word' id='word_1_96' title='bbox 428 777 491 814; x_wconf 82' lang='grc' dir='ltr'><strong>καὶ</strong></span> <span class='ocrx_word' id='word_1_97' title='bbox 524 778 768 827; x_wconf 82' lang='grc' dir='ltr'><em>ἀμφοτέρῃσιν</em></span> <span class='ocrx_word' id='word_1_98' title='bbox 799 775 865 814; x_wconf 78' lang='grc' dir='ltr'><em>ἀπ’</em></span> <span class='ocrx_word' id='word_1_99' title='bbox 883 776 948 823; x_wconf 81' lang='grc' dir='ltr'><strong>ἰχῶ</strong></span> <span class='ocrx_word' id='word_1_100' title='bbox 971 779 1088 824; x_wconf 87' lang='grc' dir='ltr'><em>χειρὸς</em></span> <span class='ocrx_word' id='word_1_101' title='bbox 1114 777 1275 823; x_wconf 81' lang='grc' dir='ltr'><em>ὀμόργνυ.</em></span> <span class='ocrx_word' id='word_1_102' title='bbox 1327 778 1399 814; x_wconf 83' lang='lat' dir='ltr'><strong>Hic</strong></span> <span class='ocrx_word' id='word_1_103' title='bbox 1434 790 1556 825; x_wconf 87' lang='lat' dir='ltr'><strong>quam-</strong></span> 
     </span>
     <span class='ocr_line' id='line_1_13' title="bbox 150 835 1555 889; baseline 0 -18"><span class='ocrx_word' id='word_1_104' title='bbox 150 848 256 883; x_wconf 83' lang='lat' dir='ltr'><strong>quam</strong></span> <span class='ocrx_word' id='word_1_105' title='bbox 292 836 392 872; x_wconf 84' lang='lat' dir='ltr'><strong>notio</strong></span> <span class='ocrx_word' id='word_1_106' title='bbox 420 837 714 885; x_wconf 75' lang='lat' dir='ltr'><strong>constructioque</strong></span> <span class='ocrx_word' id='word_1_107' title='bbox 748 838 850 873; x_wconf 91' lang='lat' dir='ltr'><strong>verbi</strong></span> <span class='ocrx_word' id='word_1_108' title='bbox 883 837 1074 885; x_wconf 82' lang='lat' dir='ltr'><strong>compositi</strong></span> <span class='ocrx_word' id='word_1_109' title='bbox 1099 836 1206 872; x_wconf 89' lang='lat' dir='ltr'><strong>tmesi</strong></span> <span class='ocrx_word' id='word_1_110' title='bbox 1232 835 1466 889; x_wconf 19' lang='lat' dir='ltr'><strong>accipiendae!</strong></span> <span class='ocrx_word' id='word_1_111' title='bbox 1485 849 1555 871; x_wconf 90' lang='lat' dir='ltr'><strong>non</strong></span> 
     </span>
     <span class='ocr_line' id='line_1_14' title="bbox 149 895 1557 943; baseline 0.001 -13"><span class='ocrx_word' id='word_1_112' title='bbox 149 899 332 942; x_wconf 82' lang='lat' dir='ltr'><strong>repugnat</strong></span> <span class='ocrx_word' id='word_1_113' title='bbox 359 917 404 922; x_wconf 84' lang='lat'><strong>—-</strong></span> <span class='ocrx_word' id='word_1_114' title='bbox 431 908 515 932; x_wconf 84' lang='lat' dir='ltr'><strong>nam</strong></span> <span class='ocrx_word' id='word_1_115' title='bbox 542 896 638 943; x_wconf 88' lang='lat' dir='ltr'><strong>quod</strong></span> <span class='ocrx_word' id='word_1_116' title='bbox 664 908 844 943; x_wconf 86' lang='lat' dir='ltr'><strong>nusquam</strong></span> <span class='ocrx_word' id='word_1_117' title='bbox 874 896 1111 943; x_wconf 87' lang='lat' dir='ltr'><strong>compositum</strong></span> <span class='ocrx_word' id='word_1_118' title='bbox 1137 897 1288 932; x_wconf 91' lang='lat' dir='ltr'><strong>verbum</strong></span> <span class='ocrx_word' id='word_1_119' title='bbox 1314 895 1367 932; x_wconf 91' lang='lat' dir='ltr'><strong>rei</strong></span> <span class='ocrx_word' id='word_1_120' title='bbox 1394 896 1557 932; x_wconf 81' lang='lat' dir='ltr'><strong>obiectae</strong></span> 
     </span>
     <span class='ocr_line' id='line_1_15' title="bbox 148 951 1556 1001; baseline 0.001 -14"><span class='ocrx_word' id='word_1_121' title='bbox 148 951 185 987; x_wconf 90' lang='lat' dir='ltr'><strong>in</strong></span> <span class='ocrx_word' id='word_1_122' title='bbox 221 964 307 988; x_wconf 84' lang='lat' dir='ltr'><strong>casu</strong></span> <span class='ocrx_word' id='word_1_123' title='bbox 342 953 513 999; x_wconf 79' lang='lat' dir='ltr'><strong>genetivo</strong></span> <span class='ocrx_word' id='word_1_124' title='bbox 548 954 783 1001; x_wconf 77' lang='lat' dir='ltr'><strong>adiungitur,</strong></span> <span class='ocrx_word' id='word_1_125' title='bbox 818 955 959 990; x_wconf 88' lang='lat' dir='ltr'><strong>nullius</strong></span> <span class='ocrx_word' id='word_1_126' title='bbox 993 967 1079 990; x_wconf 88' lang='lat' dir='ltr'><strong>sane</strong></span> <span class='ocrx_word' id='word_1_127' title='bbox 1106 958 1162 990; x_wconf 83' lang='lat' dir='ltr'><strong>est</strong></span> <span class='ocrx_word' id='word_1_128' title='bbox 1188 954 1378 997; x_wconf 84' lang='lat' dir='ltr'><strong>momenti,</strong></span> <span class='ocrx_word' id='word_1_129' title='bbox 1414 966 1491 989; x_wconf 92' lang='lat' dir='ltr'><strong>cum</strong></span> <span class='ocrx_word' id='word_1_130' title='bbox 1517 954 1556 989; x_wconf 90' lang='lat' dir='ltr'><strong>id</strong></span> 
     </span>
     <span class='ocr_line' id='line_1_16' title="bbox 148 1010 1554 1060; baseline 0.002 -15"><span class='ocrx_word' id='word_1_131' title='bbox 148 1010 257 1046; x_wconf 76' lang='lat' dir='ltr'><strong>facile</strong></span> <span class='ocrx_word' id='word_1_132' title='bbox 283 1011 364 1046; x_wconf 86' lang='lat' dir='ltr'><strong>fieri</strong></span> <span class='ocrx_word' id='word_1_133' title='bbox 389 1012 516 1059; x_wconf 82' lang='lat' dir='ltr'><strong>possit,</strong></span> <span class='ocrx_word' id='word_1_134' title='bbox 543 1016 587 1048; x_wconf 83' lang='lat' dir='ltr'><strong>ut</strong></span> <span class='ocrx_word' id='word_1_135' title='bbox 612 1025 656 1048; x_wconf 86' lang='lat' dir='ltr'><strong>ex</strong></span> <span class='ocrx_word' id='word_1_136' title='bbox 683 1013 815 1049; x_wconf 86' lang='lat' dir='ltr'><strong>similis</strong></span> <span class='ocrx_word' id='word_1_137' title='bbox 840 1013 944 1049; x_wconf 90' lang='lat' dir='ltr'><strong>verbi</strong></span> <span class='ocrx_word' id='word_1_138' title='bbox 971 1014 1241 1049; x_wconf 85' lang='lat' dir='ltr'><strong>constructione</strong></span> <span class='ocrx_word' id='word_1_139' title='bbox 1265 1019 1416 1060; x_wconf 81' lang='lat' dir='ltr'><strong>apparet</strong></span> <span class='ocrx_word' id='word_1_140' title='bbox 1443 1025 1464 1047; x_wconf 92' lang='grc' dir='ltr'><em>σ</em></span> <span class='ocrx_word' id='word_1_141' title='bbox 1483 1015 1554 1049; x_wconf 80' lang='grc'><strong>219</strong></span> 
     </span>
     <span class='ocr_line' id='line_1_17' title="bbox 150 1063 1555 1118; baseline 0.002 -15"><span class='ocrx_word' id='word_1_142' title='bbox 150 1063 229 1114; x_wconf 76' lang='grc' dir='ltr'><em>ὄφρ’</em></span> <span class='ocrx_word' id='word_1_143' title='bbox 250 1068 319 1114; x_wconf 77' lang='grc' dir='ltr'><strong>ἐγὼ</strong></span> <span class='ocrx_word' id='word_1_144' title='bbox 356 1069 464 1111; x_wconf 81' lang='grc' dir='ltr'><em>αὐτὸς</em></span> <span class='ocrx_word' id='word_1_145' title='bbox 491 1069 608 1118; x_wconf 78' lang='grc' dir='ltr'><em>ἅλμην</em></span> <span class='ocrx_word' id='word_1_146' title='bbox 646 1070 776 1114; x_wconf 76' lang='grc' dir='ltr'><em>ὤμοιιν</em></span> <span class='ocrx_word' id='word_1_147' title='bbox 810 1071 1064 1115; x_wconf 79' lang='grc' dir='ltr'><em>ἀπολούσομαι</em></span> <span class='ocrx_word' id='word_1_148' title='bbox 1105 1092 1151 1096; x_wconf 80' lang='lat'><strong>——</strong></span> <span class='ocrx_word' id='word_1_149' title='bbox 1191 1076 1311 1107; x_wconf 84' lang='lat' dir='ltr'><strong>tamen</strong></span> <span class='ocrx_word' id='word_1_150' title='bbox 1354 1071 1478 1106; x_wconf 84' lang='lat' dir='ltr'><strong>eadem</strong></span> <span class='ocrx_word' id='word_1_151' title='bbox 1516 1083 1555 1106; x_wconf 86' lang='lat' dir='ltr'><strong>re</strong></span> 
     </span>
     <span class='ocr_line' id='line_1_18' title="bbox 148 1125 1554 1177; baseline 0.002 -16"><span class='ocrx_word' id='word_1_152' title='bbox 148 1125 295 1163; x_wconf 89' lang='lat' dir='ltr'><strong>minime</strong></span> <span class='ocrx_word' id='word_1_153' title='bbox 320 1127 547 1175; x_wconf 85' lang='lat' dir='ltr'><strong>impedimur,</strong></span> <span class='ocrx_word' id='word_1_154' title='bbox 585 1130 777 1176; x_wconf 83' lang='lat' dir='ltr'><strong>quominus</strong></span> <span class='ocrx_word' id='word_1_155' title='bbox 802 1130 880 1165; x_wconf 88' lang='lat' dir='ltr'><strong>loco</strong></span> <span class='ocrx_word' id='word_1_156' title='bbox 907 1129 1088 1177; x_wconf 83' lang='lat' dir='ltr'><strong>adscripto</strong></span> <span class='ocrx_word' id='word_1_157' title='bbox 1116 1131 1266 1165; x_wconf 88' lang='lat' dir='ltr'><strong>verbum</strong></span> <span class='ocrx_word' id='word_1_158' title='bbox 1293 1129 1447 1176; x_wconf 86' lang='lat' dir='ltr'><strong>simplex</strong></span> <span class='ocrx_word' id='word_1_159' title='bbox 1474 1142 1554 1164; x_wconf 88' lang='lat' dir='ltr'><strong>cum</strong></span> 
     </span>
     <span class='ocr_line' id='line_1_19' title="bbox 150 1184 1555 1234; baseline 0.001 -15"><span class='ocrx_word' id='word_1_160' title='bbox 150 1184 319 1220; x_wconf 83' lang='lat' dir='ltr'><strong>adverbio</strong></span> <span class='ocrx_word' id='word_1_161' title='bbox 355 1186 586 1222; x_wconf 85' lang='lat' dir='ltr'><strong>coniunctum</strong></span> <span class='ocrx_word' id='word_1_162' title='bbox 612 1188 845 1234; x_wconf 82' lang='lat' dir='ltr'><strong>accipiamus,</strong></span> <span class='ocrx_word' id='word_1_163' title='bbox 881 1188 975 1234; x_wconf 86' lang='lat' dir='ltr'><strong>quod</strong></span> <span class='ocrx_word' id='word_1_164' title='bbox 1002 1188 1106 1223; x_wconf 89' lang='lat' dir='ltr'><strong>nobis</strong></span> <span class='ocrx_word' id='word_1_165' title='bbox 1133 1200 1256 1222; x_wconf 82' lang='lat' dir='ltr'><strong>veram</strong></span> <span class='ocrx_word' id='word_1_166' title='bbox 1283 1188 1408 1223; x_wconf 87' lang='lat' dir='ltr'><strong>tmesis</strong></span> <span class='ocrx_word' id='word_1_167' title='bbox 1435 1187 1555 1222; x_wconf 90' lang='lat' dir='ltr'><strong>condi-</strong></span> 
     </span>
     <span class='ocr_line' id='line_1_20' title="bbox 149 1242 1554 1294; baseline 0.001 -16"><span class='ocrx_word' id='word_1_168' title='bbox 149 1242 284 1278; x_wconf 82' lang='lat' dir='ltr'><strong>cionem</strong></span> <span class='ocrx_word' id='word_1_169' title='bbox 319 1243 358 1279; x_wconf 91' lang='lat' dir='ltr'><strong>in</strong></span> <span class='ocrx_word' id='word_1_170' title='bbox 394 1245 618 1281; x_wconf 85' lang='lat' dir='ltr'><strong>carmiusbus</strong></span> <span class='ocrx_word' id='word_1_171' title='bbox 651 1246 801 1282; x_wconf 86' lang='lat' dir='ltr'><strong>Homeri</strong></span> <span class='ocrx_word' id='word_1_172' title='bbox 837 1246 1114 1294; x_wconf 86' lang='lat' dir='ltr'><strong>respicientibus</strong></span> <span class='ocrx_word' id='word_1_173' title='bbox 1150 1246 1267 1291; x_wconf 87' lang='lat' dir='ltr'><strong>magis</strong></span> <span class='ocrx_word' id='word_1_174' title='bbox 1292 1246 1480 1292; x_wconf 81' lang='lat' dir='ltr'><strong>probatur.</strong></span> <span class='ocrx_word' id='word_1_175' title='bbox 1507 1266 1554 1270; x_wconf 80' lang='lat'>—</span> 
     </span>
     <span class='ocr_line' id='line_1_21' title="bbox 148 1300 1551 1353; baseline 0.001 -16"><span class='ocrx_word' id='word_1_176' title='bbox 148 1300 311 1339; x_wconf 79' lang='lat' dir='ltr'><strong>Facilius</strong></span> <span class='ocrx_word' id='word_1_177' title='bbox 342 1307 453 1351; x_wconf 85' lang='lat' dir='ltr'><strong>atque</strong></span> <span class='ocrx_word' id='word_1_178' title='bbox 487 1304 622 1341; x_wconf 84' lang='lat' dir='ltr'><strong>certius</strong></span> <span class='ocrx_word' id='word_1_179' title='bbox 655 1305 811 1342; x_wconf 81' lang='lat' dir='ltr'><strong>iudicari</strong></span> <span class='ocrx_word' id='word_1_180' title='bbox 841 1309 963 1353; x_wconf 85' lang='lat' dir='ltr'><strong>potest</strong></span> <span class='ocrx_word' id='word_1_181' title='bbox 998 1305 1042 1342; x_wconf 90' lang='lat' dir='ltr'><strong>de</strong></span> <span class='ocrx_word' id='word_1_182' title='bbox 1068 1307 1104 1339; x_wconf 87' lang='lat' dir='ltr'><em>A</em></span> <span class='ocrx_word' id='word_1_183' title='bbox 1129 1307 1172 1341; x_wconf 89' lang='lat'><strong>77</strong></span> <span class='ocrx_word' id='word_1_184' title='bbox 1200 1308 1264 1339; x_wconf 84' lang='grc' dir='ltr'><strong>τοῦ</strong></span> <span class='ocrx_word' id='word_1_185' title='bbox 1290 1303 1329 1340; x_wconf 83' lang='grc' dir='ltr'><strong>δέ</strong></span> <span class='ocrx_word' id='word_1_186' title='bbox 1355 1317 1394 1339; x_wconf 83' lang='grc' dir='ltr'><em>τε</em></span> <span class='ocrx_word' id='word_1_187' title='bbox 1422 1304 1551 1339; x_wconf 83' lang='grc' dir='ltr'><em>πολλοὶ</em></span> 
     </span>
     <span class='ocr_line' id='line_1_22' title="bbox 149 1360 1555 1411; baseline 0.003 -16"><span class='ocrx_word' id='word_1_188' title='bbox 149 1360 226 1396; x_wconf 85' lang='grc' dir='ltr'><em>ἀπὸ</em></span> <span class='ocrx_word' id='word_1_189' title='bbox 253 1365 459 1410; x_wconf 74' lang='grc' dir='ltr'><em>σπινθῆρες</em></span> <span class='ocrx_word' id='word_1_190' title='bbox 483 1364 609 1400; x_wconf 78' lang='grc' dir='ltr'><em>ἵενται.</em></span> <span class='ocrx_word' id='word_1_191' title='bbox 661 1364 851 1411; x_wconf 86' lang='lat' dir='ltr'><strong>Nusquam</strong></span> <span class='ocrx_word' id='word_1_192' title='bbox 877 1364 971 1400; x_wconf 91' lang='lat' dir='ltr'><strong>enim</strong></span> <span class='ocrx_word' id='word_1_193' title='bbox 1007 1364 1244 1411; x_wconf 89' lang='lat' dir='ltr'><strong>compositum</strong></span> <span class='ocrx_word' id='word_1_194' title='bbox 1272 1363 1406 1411; x_wconf 80' lang='grc' dir='ltr'><em>ἀφίημι</em></span> <span class='ocrx_word' id='word_1_195' title='bbox 1434 1368 1555 1399; x_wconf 82' lang='lat' dir='ltr'><strong>exstat</strong></span> 
     </span>
     <span class='ocr_line' id='line_1_23' title="bbox 148 1420 1551 1469; baseline 0.002 -15"><span class='ocrx_word' id='word_1_196' title='bbox 148 1431 257 1456; x_wconf 88' lang='lat' dir='ltr'><strong>sensu</strong></span> <span class='ocrx_word' id='word_1_197' title='bbox 280 1420 529 1466; x_wconf 86' lang='lat' dir='ltr'><strong>intransitivo,</strong></span> <span class='ocrx_word' id='word_1_198' title='bbox 557 1435 627 1469; x_wconf 91' lang='lat' dir='ltr'><strong>quo</strong></span> <span class='ocrx_word' id='word_1_199' title='bbox 653 1427 775 1459; x_wconf 83' lang='lat' dir='ltr'><strong>tamen</strong></span> <span class='ocrx_word' id='word_1_200' title='bbox 801 1423 847 1459; x_wconf 84' lang='lat' dir='ltr'><strong>ad</strong></span> <span class='ocrx_word' id='word_1_201' title='bbox 872 1423 1005 1459; x_wconf 85' lang='lat' dir='ltr'><strong>tmesin</strong></span> <span class='ocrx_word' id='word_1_202' title='bbox 1023 1423 1101 1458; x_wconf 91' lang='grc'>1000</span> <span class='ocrx_word' id='word_1_203' title='bbox 1120 1422 1233 1458; x_wconf 84' lang='lat' dir='ltr'><strong>citato</strong></span> <span class='ocrx_word' id='word_1_204' title='bbox 1251 1422 1551 1469; x_wconf 85' lang='lat' dir='ltr'><strong>comprobandam</strong></span> 
     </span>
     <span class='ocr_line' id='line_1_24' title="bbox 148 1481 1556 1527; baseline 0.004 -15"><span class='ocrx_word' id='word_1_205' title='bbox 148 1489 238 1524; x_wconf 87' lang='lat' dir='ltr'><strong>opus</strong></span> <span class='ocrx_word' id='word_1_206' title='bbox 264 1483 334 1520; x_wconf 83' lang='lat' dir='ltr'><strong>est,</strong></span> <span class='ocrx_word' id='word_1_207' title='bbox 370 1492 435 1515; x_wconf 87' lang='lat' dir='ltr'><strong>nec</strong></span> <span class='ocrx_word' id='word_1_208' title='bbox 461 1481 506 1515; x_wconf 91' lang='lat' dir='ltr'><strong>ob</strong></span> <span class='ocrx_word' id='word_1_209' title='bbox 532 1481 681 1517; x_wconf 81' lang='lat' dir='ltr'><strong>eandem</strong></span> <span class='ocrx_word' id='word_1_210' title='bbox 707 1493 853 1517; x_wconf 86' lang='lat' dir='ltr'><strong>causam</strong></span> <span class='ocrx_word' id='word_1_211' title='bbox 877 1482 993 1518; x_wconf 90' lang='lat' dir='ltr'><strong>ullius</strong></span> <span class='ocrx_word' id='word_1_212' title='bbox 1019 1481 1191 1516; x_wconf 87' lang='lat' dir='ltr'><strong>momenti</strong></span> <span class='ocrx_word' id='word_1_213' title='bbox 1217 1481 1391 1517; x_wconf 85' lang='lat' dir='ltr'><strong>faciemus</strong></span> <span class='ocrx_word' id='word_1_214' title='bbox 1426 1488 1458 1527; x_wconf 82' lang='grc' dir='ltr'><em>ψ</em></span> <span class='ocrx_word' id='word_1_215' title='bbox 1484 1484 1556 1517; x_wconf 72' lang='grc'>241)</span> 
     </span>
     <span class='ocr_line' id='line_1_25' title="bbox 148 1536 1553 1588; baseline 0.004 -17"><span class='ocrx_word' id='word_1_216' title='bbox 148 1536 269 1585; x_wconf 81' lang='grc' dir='ltr'><em>δειρῆς</em></span> <span class='ocrx_word' id='word_1_217' title='bbox 295 1536 358 1573; x_wconf 80' lang='grc' dir='ltr'><strong>οὐκ</strong></span> <span class='ocrx_word' id='word_1_218' title='bbox 386 1537 515 1586; x_wconf 86' lang='grc' dir='ltr'><em>ἀφίετο</em></span> <span class='ocrx_word' id='word_1_219' title='bbox 544 1539 668 1588; x_wconf 82' lang='grc' dir='ltr'><em>πήχεε,</em></span> <span class='ocrx_word' id='word_1_220' title='bbox 705 1552 923 1588; x_wconf 83' lang='lat' dir='ltr'><strong>quamquam</strong></span> <span class='ocrx_word' id='word_1_221' title='bbox 949 1540 1015 1576; x_wconf 92' lang='lat' dir='ltr'><strong>hoc</strong></span> <span class='ocrx_word' id='word_1_222' title='bbox 1041 1540 1119 1576; x_wconf 92' lang='lat' dir='ltr'><strong>loco</strong></span> <span class='ocrx_word' id='word_1_223' title='bbox 1146 1539 1286 1587; x_wconf 86' lang='lat' dir='ltr'><strong>pariter</strong></span> <span class='ocrx_word' id='word_1_224' title='bbox 1311 1543 1422 1587; x_wconf 83' lang='lat' dir='ltr'><strong>atque</strong></span> <span class='ocrx_word' id='word_1_225' title='bbox 1450 1541 1485 1574; x_wconf 72' lang='lat' dir='ltr'><em>A</em></span> <span class='ocrx_word' id='word_1_226' title='bbox 1510 1542 1553 1576; x_wconf 77' lang='grc' dir='ltr'>Π</span> 
     </span>
     <span class='ocr_line' id='line_1_26' title="bbox 147 1596 1108 1645; baseline 0.003 -15"><span class='ocrx_word' id='word_1_227' title='bbox 147 1597 297 1631; x_wconf 90' lang='lat' dir='ltr'><strong>verbum</strong></span> <span class='ocrx_word' id='word_1_228' title='bbox 324 1596 452 1643; x_wconf 79' lang='grc' dir='ltr'><em>ἀφίετο</em></span> <span class='ocrx_word' id='word_1_229' title='bbox 479 1599 579 1634; x_wconf 85' lang='lat' dir='ltr'><strong>casui</strong></span> <span class='ocrx_word' id='word_1_230' title='bbox 605 1599 776 1645; x_wconf 88' lang='lat' dir='ltr'><strong>genetivo</strong></span> <span class='ocrx_word' id='word_1_231' title='bbox 803 1599 1015 1635; x_wconf 82' lang='lat' dir='ltr'><strong>adiunctum</strong></span> <span class='ocrx_word' id='word_1_232' title='bbox 1042 1602 1108 1634; x_wconf 89' lang='lat' dir='ltr'><strong>est.</strong></span> 
     </span>
    </p>

    <p class='ocr_par' dir='ltr' id='par_1_7' title="bbox 146 1656 1555 2054">
     <span class='ocr_line' id='line_1_27' title="bbox 266 1656 1553 1706; baseline 0.002 -15"><span class='ocrx_word' id='word_1_233' title='bbox 266 1668 288 1703; x_wconf 86' lang='grc' dir='ltr'><em>η</em></span> <span class='ocrx_word' id='word_1_234' title='bbox 314 1658 386 1692; x_wconf 79' lang='grc'>220</span> <span class='ocrx_word' id='word_1_235' title='bbox 412 1656 453 1691; x_wconf 79' lang='grc' dir='ltr'><strong>ἐκ</strong></span> <span class='ocrx_word' id='word_1_236' title='bbox 483 1656 525 1691; x_wconf 84' lang='grc' dir='ltr'><strong>δέ</strong></span> <span class='ocrx_word' id='word_1_237' title='bbox 553 1670 597 1701; x_wconf 88' lang='grc' dir='ltr'><em>με</em></span> <span class='ocrx_word' id='word_1_238' title='bbox 626 1656 775 1692; x_wconf 84' lang='grc' dir='ltr'><em>πάντων</em></span> <span class='ocrx_word' id='word_1_239' title='bbox 801 1657 963 1706; x_wconf 77' lang='grc' dir='ltr'><em>ληθάνει.</em></span> <span class='ocrx_word' id='word_1_240' title='bbox 997 1657 1137 1692; x_wconf 87' lang='lat' dir='ltr'><strong>Tmesis</strong></span> <span class='ocrx_word' id='word_1_241' title='bbox 1169 1656 1283 1703; x_wconf 85' lang='lat' dir='ltr'><strong>accipi</strong></span> <span class='ocrx_word' id='word_1_242' title='bbox 1315 1669 1385 1691; x_wconf 90' lang='lat' dir='ltr'><strong>non</strong></span> <span class='ocrx_word' id='word_1_243' title='bbox 1416 1661 1553 1704; x_wconf 64' lang='lat' dir='ltr'><strong>potest,</strong></span> 
     </span>
     <span class='ocr_line' id='line_1_28' title="bbox 148 1711 1554 1762; baseline 0.004 -16"><span class='ocrx_word' id='word_1_244' title='bbox 148 1724 304 1759; x_wconf 86' lang='lat' dir='ltr'><strong>namque</strong></span> <span class='ocrx_word' id='word_1_245' title='bbox 340 1711 582 1758; x_wconf 77' lang='grc' dir='ltr'><em>ἔκλανθοίνειν,</em></span> <span class='ocrx_word' id='word_1_246' title='bbox 625 1716 720 1762; x_wconf 87' lang='lat' dir='ltr'><strong>quod</strong></span> <span class='ocrx_word' id='word_1_247' title='bbox 757 1716 867 1752; x_wconf 89' lang='lat' dir='ltr'><strong>semel</strong></span> <span class='ocrx_word' id='word_1_248' title='bbox 906 1719 1051 1752; x_wconf 86' lang='lat' dir='ltr'><strong>tantum</strong></span> <span class='ocrx_word' id='word_1_249' title='bbox 1090 1728 1221 1762; x_wconf 87' lang='lat' dir='ltr'><strong>genere</strong></span> <span class='ocrx_word' id='word_1_250' title='bbox 1260 1715 1382 1751; x_wconf 83' lang='lat' dir='ltr'><strong>activo</strong></span> <span class='ocrx_word' id='word_1_251' title='bbox 1422 1719 1554 1757; x_wconf 79' lang='lat' dir='ltr'><strong>exstat,</strong></span> 
     </span>
     <span class='ocr_line' id='line_1_29' title="bbox 148 1770 1555 1822; baseline 0.001 -16"><span class='ocrx_word' id='word_1_252' title='bbox 148 1770 209 1818; x_wconf 88' lang='lat' dir='ltr'><strong>(cf.</strong></span> <span class='ocrx_word' id='word_1_253' title='bbox 229 1773 262 1806; x_wconf 92' lang='grc' dir='ltr'><strong><em>Β</em></strong></span> <span class='ocrx_word' id='word_1_254' title='bbox 279 1772 366 1820; x_wconf 89' lang='grc'>600)</span> <span class='ocrx_word' id='word_1_255' title='bbox 401 1772 605 1820; x_wconf 86' lang='lat' dir='ltr'><strong>significat:</strong></span> <span class='ocrx_word' id='word_1_256' title='bbox 633 1773 761 1819; x_wconf 82' lang='lat' dir='ltr'><strong>efficio,</strong></span> <span class='ocrx_word' id='word_1_257' title='bbox 789 1778 833 1811; x_wconf 86' lang='lat' dir='ltr'><strong>ut</strong></span> <span class='ocrx_word' id='word_1_258' title='bbox 859 1774 942 1822; x_wconf 88' lang='lat' dir='ltr'><strong>quis</strong></span> <span class='ocrx_word' id='word_1_259' title='bbox 967 1774 1115 1822; x_wconf 90' lang='lat' dir='ltr'><strong>penitus</strong></span> <span class='ocrx_word' id='word_1_260' title='bbox 1142 1773 1392 1815; x_wconf 81' lang='lat' dir='ltr'><strong>obliviscatur,</strong></span> <span class='ocrx_word' id='word_1_261' title='bbox 1420 1773 1555 1821; x_wconf 89' lang='lat' dir='ltr'><strong>duplici</strong></span> 
     </span>
     <span class='ocr_line' id='line_1_30' title="bbox 148 1831 1551 1879; baseline 0.002 -14"><span class='ocrx_word' id='word_1_262' title='bbox 148 1831 357 1867; x_wconf 80' lang='lat' dir='ltr'><strong>accusativo</strong></span> <span class='ocrx_word' id='word_1_263' title='bbox 384 1832 594 1868; x_wconf 80' lang='lat' dir='ltr'><strong>adiunctum</strong></span> <span class='ocrx_word' id='word_1_264' title='bbox 617 1833 712 1879; x_wconf 80' lang='grc' dir='ltr'><em>(τινά</em></span> <span class='ocrx_word' id='word_1_265' title='bbox 739 1834 804 1879; x_wconf 83' lang='grc' dir='ltr'><em>τι),</em></span> <span class='ocrx_word' id='word_1_266' title='bbox 832 1846 911 1869; x_wconf 88' lang='grc'>011111</span> <span class='ocrx_word' id='word_1_267' title='bbox 929 1833 1086 1869; x_wconf 89' lang='lat' dir='ltr'><strong>medium</strong></span> <span class='ocrx_word' id='word_1_268' title='bbox 1105 1845 1256 1869; x_wconf 86' lang='lat' dir='ltr'><strong>sonans:</strong></span> <span class='ocrx_word' id='word_1_269' title='bbox 1285 1833 1453 1869; x_wconf 88' lang='lat' dir='ltr'><strong>oblivisci</strong></span> <span class='ocrx_word' id='word_1_270' title='bbox 1472 1846 1551 1869; x_wconf 90' lang='grc'>011111</span> 
     </span>
     <span class='ocr_line' id='line_1_31' title="bbox 147 1888 1555 1938; baseline 0.002 -15"><span class='ocrx_word' id='word_1_271' title='bbox 147 1889 317 1933; x_wconf 88' lang='lat' dir='ltr'><strong>genetivo</strong></span> <span class='ocrx_word' id='word_1_272' title='bbox 345 1893 596 1936; x_wconf 81' lang='lat' dir='ltr'><strong>construatur3</strong></span> <span class='ocrx_word' id='word_1_273' title='bbox 634 1891 730 1938; x_wconf 88' lang='lat' dir='ltr'><strong>quod</strong></span> <span class='ocrx_word' id='word_1_274' title='bbox 763 1904 849 1927; x_wconf 87' lang='lat' dir='ltr'><strong>vero</strong></span> <span class='ocrx_word' id='word_1_275' title='bbox 880 1892 918 1927; x_wconf 90' lang='lat' dir='ltr'><strong>in</strong></span> <span class='ocrx_word' id='word_1_276' title='bbox 945 1891 979 1927; x_wconf 96' lang='grc'><strong>11.</strong></span> <span class='ocrx_word' id='word_1_277' title='bbox 1000 1891 1090 1927; x_wconf 89' lang='lat' dir='ltr'><strong>Ven.</strong></span> <span class='ocrx_word' id='word_1_278' title='bbox 1111 1893 1158 1927; x_wconf 85' lang='lat'><strong>40</strong></span> <span class='ocrx_word' id='word_1_279' title='bbox 1185 1890 1341 1937; x_wconf 85' lang='lat' dir='ltr'><strong>legimus</strong></span> <span class='ocrx_word' id='word_1_280' title='bbox 1361 1888 1475 1938; x_wconf 71' lang='grc' dir='ltr'><em>“Ὴρης</em></span> <span class='ocrx_word' id='word_1_281' title='bbox 1501 1891 1555 1926; x_wconf 80' lang='grc' dir='ltr'><strong>ἐκ·</strong></span> 
     </span>
     <span class='ocr_line' id='line_1_32' title="bbox 147 1945 1553 1997; baseline 0.004 -17"><span class='ocrx_word' id='word_1_282' title='bbox 147 1945 353 1982; x_wconf 67' lang='grc' dir='ltr'><em>λελαθοῦσα</em></span> <span class='ocrx_word' id='word_1_283' title='bbox 378 1961 425 1984; x_wconf 81' lang='lat' dir='ltr'><strong>se,</strong></span> <span class='ocrx_word' id='word_1_284' title='bbox 446 1949 518 1984; x_wconf 78' lang='grc' dir='ltr'><strong>Διά</strong></span> <span class='ocrx_word' id='word_1_285' title='bbox 545 1949 639 1985; x_wconf 85' lang='grc'>1111111</span> <span class='ocrx_word' id='word_1_286' title='bbox 665 1949 712 1985; x_wconf 85' lang='lat' dir='ltr'><strong>ad</strong></span> <span class='ocrx_word' id='word_1_287' title='bbox 737 1950 856 1986; x_wconf 88' lang='lat' dir='ltr'><strong>locum</strong></span> <span class='ocrx_word' id='word_1_288' title='bbox 873 1950 1096 1997; x_wconf 81' lang='lat' dir='ltr'><strong>adscriptum</strong></span> <span class='ocrx_word' id='word_1_289' title='bbox 1115 1950 1285 1997; x_wconf 83' lang='lat' dir='ltr'><strong>pertinet,</strong></span> <span class='ocrx_word' id='word_1_290' title='bbox 1314 1962 1392 1985; x_wconf 87' lang='grc'>011111</span> <span class='ocrx_word' id='word_1_291' title='bbox 1411 1962 1553 1986; x_wconf 83' lang='lat' dir='ltr'><strong>carmen</strong></span> 
     </span>
     <span class='ocr_line' id='line_1_33' title="bbox 146 2004 806 2054; baseline 0.003 -14"><span class='ocrx_word' id='word_1_292' title='bbox 146 2004 214 2041; x_wconf 88' lang='lat' dir='ltr'><strong>hoc</strong></span> <span class='ocrx_word' id='word_1_293' title='bbox 239 2018 324 2042; x_wconf 84' lang='lat' dir='ltr'><strong>sane</strong></span> <span class='ocrx_word' id='word_1_294' title='bbox 349 2007 562 2054; x_wconf 86' lang='lat' dir='ltr'><strong>posterioris</strong></span> <span class='ocrx_word' id='word_1_295' title='bbox 587 2008 637 2043; x_wconf 85' lang='lat' dir='ltr'><strong>sit</strong></span> <span class='ocrx_word' id='word_1_296' title='bbox 662 2008 806 2044; x_wconf 85' lang='lat' dir='ltr'><strong>aetatis.</strong></span> 
     </span>
    </p>

    <p class='ocr_par' dir='ltr' id='par_1_8' title="bbox 146 2064 1556 2524">
     <span class='ocr_line' id='line_1_34' title="bbox 257 2064 1554 2114; baseline 0.002 -15"><span class='ocrx_word' id='word_1_297' title='bbox 257 2065 291 2099; x_wconf 89' lang='grc' dir='ltr'>Ω</span> <span class='ocrx_word' id='word_1_298' title='bbox 316 2067 384 2102; x_wconf 82' lang='lat'><strong>351</strong></span> <span class='ocrx_word' id='word_1_299' title='bbox 415 2066 477 2101; x_wconf 82' lang='grc' dir='ltr'><strong>καὶ</strong></span> <span class='ocrx_word' id='word_1_300' title='bbox 504 2064 570 2101; x_wconf 81' lang='grc' dir='ltr'><em>ἐπὶ</em></span> <span class='ocrx_word' id='word_1_301' title='bbox 597 2065 731 2113; x_wconf 81' lang='grc' dir='ltr'><em>κνέφας</em></span> <span class='ocrx_word' id='word_1_302' title='bbox 757 2065 869 2114; x_wconf 69' lang='grc' dir='ltr'><em>ἤλυθε</em></span> <span class='ocrx_word' id='word_1_303' title='bbox 887 2068 1003 2112; x_wconf 77' lang='grc' dir='ltr'><em>γαῖαν.</em></span> <span class='ocrx_word' id='word_1_304' title='bbox 1031 2067 1084 2102; x_wconf 79' lang='lat' dir='ltr'><strong>Et</strong></span> <span class='ocrx_word' id='word_1_305' title='bbox 1103 2069 1225 2102; x_wconf 81' lang='lat' dir='ltr'><strong>exstat</strong></span> <span class='ocrx_word' id='word_1_306' title='bbox 1242 2065 1386 2113; x_wconf 87' lang='lat' dir='ltr'><strong>quidem</strong></span> <span class='ocrx_word' id='word_1_307' title='bbox 1403 2067 1554 2102; x_wconf 84' lang='lat' dir='ltr'><strong>verbum</strong></span> 
     </span>
     <span class='ocr_line' id='line_1_35' title="bbox 149 2124 1555 2171; baseline 0.001 -14"><span class='ocrx_word' id='word_1_308' title='bbox 149 2124 387 2171; x_wconf 85' lang='lat' dir='ltr'><strong>compositum</strong></span> <span class='ocrx_word' id='word_1_309' title='bbox 405 2126 527 2161; x_wconf 80' lang='lat' dir='ltr'><strong>eadem</strong></span> <span class='ocrx_word' id='word_1_310' title='bbox 554 2130 591 2161; x_wconf 85' lang='lat' dir='ltr'><strong>et</strong></span> <span class='ocrx_word' id='word_1_311' title='bbox 617 2125 884 2161; x_wconf 86' lang='lat' dir='ltr'><strong>constructione</strong></span> <span class='ocrx_word' id='word_1_312' title='bbox 911 2129 948 2161; x_wconf 89' lang='lat' dir='ltr'><strong>et</strong></span> <span class='ocrx_word' id='word_1_313' title='bbox 973 2125 1251 2171; x_wconf 84' lang='lat' dir='ltr'><strong>significatione,</strong></span> <span class='ocrx_word' id='word_1_314' title='bbox 1278 2128 1321 2160; x_wconf 87' lang='lat' dir='ltr'><strong>ut</strong></span> <span class='ocrx_word' id='word_1_315' title='bbox 1347 2124 1369 2158; x_wconf 94' lang='grc' dir='ltr'><em>δ</em></span> <span class='ocrx_word' id='word_1_316' title='bbox 1397 2127 1466 2161; x_wconf 79' lang='grc'><strong>793</strong></span> <span class='ocrx_word' id='word_1_317' title='bbox 1493 2139 1555 2168; x_wconf 84' lang='grc' dir='ltr'><em>μιν</em></span> 
     </span>
     <span class='ocr_line' id='line_1_36' title="bbox 147 2179 1553 2230; baseline 0.001 -13"><span class='ocrx_word' id='word_1_318' title='bbox 147 2182 331 2227; x_wconf 68' lang='grc' dir='ltr'><em>ἐπήλυθεν</em></span> <span class='ocrx_word' id='word_1_319' title='bbox 362 2184 493 2228; x_wconf 73' lang='grc' dir='ltr'><em>ὕπνος,</em></span> <span class='ocrx_word' id='word_1_320' title='bbox 528 2197 549 2219; x_wconf 82' lang='grc' dir='ltr'><strong>κ</strong></span> <span class='ocrx_word' id='word_1_321' title='bbox 576 2187 620 2221; x_wconf 86' lang='grc'><strong>31</strong></span> <span class='ocrx_word' id='word_1_322' title='bbox 649 2179 724 2219; x_wconf 73' lang='grc' dir='ltr'><em>ἐνθ’</em></span> <span class='ocrx_word' id='word_1_323' title='bbox 741 2182 804 2228; x_wconf 77' lang='grc' dir='ltr'><strong>ἐμὲ</strong></span> <span class='ocrx_word' id='word_1_324' title='bbox 829 2182 895 2228; x_wconf 80' lang='grc' dir='ltr'><em>μὲν</em></span> <span class='ocrx_word' id='word_1_325' title='bbox 920 2183 1049 2229; x_wconf 79' lang='grc' dir='ltr'><em>γλυκὺς</em></span> <span class='ocrx_word' id='word_1_326' title='bbox 1072 2183 1188 2223; x_wconf 74' lang='grc' dir='ltr'><em>ὕπνος</em></span> <span class='ocrx_word' id='word_1_327' title='bbox 1213 2180 1392 2230; x_wconf 71' lang='grc' dir='ltr'><em>ἐπήλυθε,</em></span> <span class='ocrx_word' id='word_1_328' title='bbox 1426 2196 1444 2217; x_wconf 91' lang='grc' dir='ltr'><em>ν</em></span> <span class='ocrx_word' id='word_1_329' title='bbox 1470 2185 1553 2219; x_wconf 77' lang='grc'><strong>282.</strong></span> 
     </span>
     <span class='ocr_line' id='line_1_37' title="bbox 147 2239 1555 2289; baseline 0 -13"><span class='ocrx_word' id='word_1_330' title='bbox 147 2239 217 2285; x_wconf 85' lang='lat' dir='ltr'><strong>Sed</strong></span> <span class='ocrx_word' id='word_1_331' title='bbox 238 2241 319 2288; x_wconf 85' lang='lat' dir='ltr'><strong>quis</strong></span> <span class='ocrx_word' id='word_1_332' title='bbox 337 2242 494 2287; x_wconf 71' lang='lat' dir='ltr'><strong>dutabst,</strong></span> <span class='ocrx_word' id='word_1_333' title='bbox 524 2242 611 2289; x_wconf 91' lang='lat' dir='ltr'><strong>quin</strong></span> <span class='ocrx_word' id='word_1_334' title='bbox 630 2242 741 2285; x_wconf 90' lang='lat' dir='ltr'><strong>locus,</strong></span> <span class='ocrx_word' id='word_1_335' title='bbox 769 2242 813 2278; x_wconf 91' lang='lat' dir='ltr'><strong>de</strong></span> <span class='ocrx_word' id='word_1_336' title='bbox 831 2254 901 2289; x_wconf 90' lang='lat' dir='ltr'><strong>quo</strong></span> <span class='ocrx_word' id='word_1_337' title='bbox 919 2242 1055 2289; x_wconf 81' lang='lat' dir='ltr'><strong>agitur,</strong></span> <span class='ocrx_word' id='word_1_338' title='bbox 1076 2241 1220 2277; x_wconf 87' lang='lat' dir='ltr'><strong>effictus</strong></span> <span class='ocrx_word' id='word_1_339' title='bbox 1238 2241 1289 2277; x_wconf 80' lang='lat' dir='ltr'><strong>sit</strong></span> <span class='ocrx_word' id='word_1_340' title='bbox 1306 2240 1353 2277; x_wconf 84' lang='lat' dir='ltr'><strong>ad</strong></span> <span class='ocrx_word' id='word_1_341' title='bbox 1370 2242 1555 2289; x_wconf 85' lang='lat' dir='ltr'><strong>exemplar</strong></span> 
     </span>
     <span class='ocr_line' id='line_1_38' title="bbox 146 2298 1555 2348; baseline 0 -14"><span class='ocrx_word' id='word_1_342' title='bbox 146 2299 307 2336; x_wconf 90' lang='lat' dir='ltr'><strong>locorum</strong></span> <span class='ocrx_word' id='word_1_343' title='bbox 342 2313 454 2348; x_wconf 85' lang='lat' dir='ltr'><strong>paene</strong></span> <span class='ocrx_word' id='word_1_344' title='bbox 488 2301 824 2343; x_wconf 82' lang='lat' dir='ltr'><strong>innumerabilium,</strong></span> <span class='ocrx_word' id='word_1_345' title='bbox 858 2300 990 2348; x_wconf 90' lang='lat' dir='ltr'><strong>quibus</strong></span> <span class='ocrx_word' id='word_1_346' title='bbox 1033 2300 1129 2336; x_wconf 88' lang='lat' dir='ltr'><strong>illud</strong></span> <span class='ocrx_word' id='word_1_347' title='bbox 1165 2298 1232 2335; x_wconf 78' lang='grc' dir='ltr'><em>ἐπὶ</em></span> <span class='ocrx_word' id='word_1_348' title='bbox 1271 2298 1406 2347; x_wconf 84' lang='grc' dir='ltr'><em>κνέφας</em></span> <span class='ocrx_word' id='word_1_349' title='bbox 1445 2298 1555 2347; x_wconf 77' lang='grc' dir='ltr'><em>ἦλθεν</em></span> 
     </span>
     <span class='ocr_line' id='line_1_39' title="bbox 146 2357 1555 2404; baseline 0 -12"><span class='ocrx_word' id='word_1_350' title='bbox 146 2358 322 2395; x_wconf 71' lang='lat' dir='ltr'><strong>formulae</strong></span> <span class='ocrx_word' id='word_1_351' title='bbox 357 2360 469 2396; x_wconf 82' lang='lat' dir='ltr'><strong>habet</strong></span> <span class='ocrx_word' id='word_1_352' title='bbox 498 2360 597 2395; x_wconf 78' lang='lat' dir='ltr'><strong>vim?</strong></span> <span class='ocrx_word' id='word_1_353' title='bbox 648 2359 719 2395; x_wconf 85' lang='lat' dir='ltr'><strong>Hic</strong></span> <span class='ocrx_word' id='word_1_354' title='bbox 744 2362 890 2395; x_wconf 84' lang='lat' dir='ltr'><strong>tantum</strong></span> <span class='ocrx_word' id='word_1_355' title='bbox 916 2360 1149 2395; x_wconf 86' lang='lat' dir='ltr'><strong>accusativus</strong></span> <span class='ocrx_word' id='word_1_356' title='bbox 1175 2361 1280 2404; x_wconf 78' lang='grc' dir='ltr'><em>γαῖαν</em></span> <span class='ocrx_word' id='word_1_357' title='bbox 1311 2358 1463 2394; x_wconf 83' lang='lat' dir='ltr'><strong>voculae</strong></span> <span class='ocrx_word' id='word_1_358' title='bbox 1488 2357 1555 2394; x_wconf 81' lang='grc' dir='ltr'><em>ἐπί</em></span> 
     </span>
     <span class='ocr_line' id='line_1_40' title="bbox 147 2417 1556 2466; baseline 0.001 -14"><span class='ocrx_word' id='word_1_359' title='bbox 147 2417 437 2465; x_wconf 85' lang='lat' dir='ltr'><strong>supplementum</strong></span> <span class='ocrx_word' id='word_1_360' title='bbox 472 2430 577 2455; x_wconf 83' lang='lat' dir='ltr'><strong>casus</strong></span> <span class='ocrx_word' id='word_1_361' title='bbox 611 2417 779 2461; x_wconf 84' lang='lat' dir='ltr'><strong>additur,</strong></span> <span class='ocrx_word' id='word_1_362' title='bbox 816 2418 912 2465; x_wconf 88' lang='lat' dir='ltr'><strong>quod</strong></span> <span class='ocrx_word' id='word_1_363' title='bbox 948 2418 1058 2454; x_wconf 82' lang='lat' dir='ltr'><strong>etiam</strong></span> <span class='ocrx_word' id='word_1_364' title='bbox 1095 2419 1204 2454; x_wconf 89' lang='lat' dir='ltr'><strong>verbo</strong></span> <span class='ocrx_word' id='word_1_365' title='bbox 1241 2417 1398 2466; x_wconf 89' lang='lat' dir='ltr'><strong>simplici</strong></span> <span class='ocrx_word' id='word_1_366' title='bbox 1432 2417 1556 2465; x_wconf 81' lang='lat' dir='ltr'><strong>potuit</strong></span> 
     </span>
     <span class='ocr_line' id='line_1_41' title="bbox 146 2474 1225 2524; baseline 0.002 -13"><span class='ocrx_word' id='word_1_367' title='bbox 146 2474 308 2523; x_wconf 86' lang='lat' dir='ltr'><strong>adiungi.</strong></span> <span class='ocrx_word' id='word_1_368' title='bbox 335 2476 442 2513; x_wconf 90' lang='lat' dir='ltr'><strong>Nihil</strong></span> <span class='ocrx_word' id='word_1_369' title='bbox 468 2480 524 2512; x_wconf 86' lang='lat' dir='ltr'><strong>est</strong></span> <span class='ocrx_word' id='word_1_370' title='bbox 549 2476 677 2523; x_wconf 86' lang='lat' dir='ltr'><strong>igitur,</strong></span> <span class='ocrx_word' id='word_1_371' title='bbox 706 2476 800 2524; x_wconf 91' lang='lat' dir='ltr'><strong>quod</strong></span> <span class='ocrx_word' id='word_1_372' title='bbox 828 2476 871 2513; x_wconf 90' lang='lat' dir='ltr'><strong>de</strong></span> <span class='ocrx_word' id='word_1_373' title='bbox 897 2477 1005 2513; x_wconf 84' lang='lat' dir='ltr'><strong>tmesi</strong></span> <span class='ocrx_word' id='word_1_374' title='bbox 1032 2477 1225 2523; x_wconf 85' lang='lat' dir='ltr'><strong>cogitetur.</strong></span> 
     </span>
    </p>
   </div>
  </div>
 </body>
</html>
