1801 2776
291 62 397 93 XXIV

1078 155 1209 203 gisque
1260 155 1346 191 usui
1396 154 1501 193 verbi
1543 155 1706 203 φαείνειν

1078 214 1258 265 quadrare
1283 214 1443 260 videtur,
1471 226 1543 262 quo
1565 215 1708 262 pariter

1078 277 1190 321 atque
1231 273 1310 310 loeo
1353 273 1539 322 adscripto
1584 274 1707 311 utitu'r

1069 332 1259 368 Homerus
1290 333 1323 366 P
1345 334 1417 369 650
1448 330 1568 379 ἠέλιος
1593 329 1625 367 ‹5’
1642 333 1706 369 ἐπ-

1076 389 1221 437 έλαμψε
1271 390 1368 439 μάχη
1419 386 1451 425 δ’
1486 389 1553 426 ἐπὶ
1600 395 1706 427 πᾶσα

1077 447 1241 497 φαάνθη.

289 506 323 542 h.
350 505 460 542 Mero.
484 508 533 543 50
563 505 627 541 καὶ
655 506 785 554 πήχεις
812 503 967 555 ἐνέθηκ’,
1029 503 1210 542 Homerus
1248 520 1387 555 semper
1426 507 1499 542 ὑπὸ
1533 506 1573 542 δὲ
1602 506 1706 553 ζυγὸν

339 562 406 599 ἐπὶ
433 564 474 599 δὲ
499 564 603 611 ζυγὸν
629 564 755 613 ἤραρεν
781 565 929 612 ἀμφοῖν.
1078 563 1215 616 ᾕγαγεν.

289 624 398 660 Mero.
420 626 489 661 136
517 628 616 671 σῆμα
642 622 725 672 νέης
741 631 873 672 φορῆς·
901 623 968 660 ἐπὶ
1033 624 1065 658 Θ
1090 625 1174 666 507,
1206 626 1278 662 547
1305 621 1372 659 ἐπὶ
1401 623 1442 660 δὲ
1466 623 1555 667 ξύλα
1583 624 1704 660 πολλὰ

338 681 379 718 δὲ
405 681 492 725 ξύλα
518 679 666 729 κάγκαν’
679 682 837 730 ἀγείρας.
1077 682 1237 729 λέγεσθε.
1513 698 1528 703 “

288 741 322 777 h.
345 732 437 778 Venss
455 744 477 778 2
504 741 709 789 Κύπριδος,
736 742 798 789 ἣτε
824 745 969 779 θεοῖσιν
1020 741 1183 790 Αὃοεῑήιιε
1208 742 1416 779 huiusmodi
1436 742 1639 779 locutiones
1664 743 1704 779 in

338 796 404 835 ἐπὶ
432 801 560 846 γλυκὺν
585 801 709 848 ἵμερον
734 799 837 848 ὦρσε.
1077 801 1236 838 Homero
1274 801 1450 849 leguntur
1487 805 1531 838 ut
1576 803 1612 836 Γ
1635 804 1703 840 139

1077 860 1206 905 γλυκὺν
1256 861 1377 907 ἵμερον
1419 859 1554 906 ἔμβαλε
1597 862 1706 906 θυμῷ

1078 918 1215 966 ἀνδρός.
1249 920 1285 954 Ψ
1301 921 1345 956 14
1367 919 1460 964 μετὰ
1478 918 1519 955 δέ
1536 925 1603 966 σφι
1621 918 1704 965 γόου

1077 978 1201 1025 ἵμερον
1240 976 1341 1024 ὦρσε.
1382 978 1425 1014 de
1467 991 1507 1014 re
1550 988 1704 1014 venerea

1079 1039 1114 1070 Γ
1126 1039 1198 1073 446
1224 1036 1260 1073 Ξ
1272 1038 1342 1074 328
1367 1050 1412 1081 με
1430 1037 1560 1083 γλυκὺς
1578 1037 1702 1083 ἵμερος

1075 1093 1172 1141 αἱρεῖ
1197 1099 1235 1132 et
1260 1095 1365 1132 alias.

288 1151 376 1187 Ven.
401 1154 471 1188 170
505 1155 620 1200 τῆμος
655 1150 869 1201 ἂρ’Άγχίσῃ
901 1153 967 1199 μὲν
1024 1157 1049 1198 β
1088 1156 1159 1191 395
1203 1153 1293 1188 ἔνθα
1334 1153 1594 1201 μνηστήρεσσιν
1636 1153 1703 1189 ἐπὶ

335 1210 401 1245 ἐπὶ
430 1211 557 1256 γλυκὺν
582 1211 697 1246 ὕπνον
723 1211 827 1256 ἔχευε.
1075 1212 1202 1258 γλυκὺν
1236 1212 1352 1247 ὕπνον
1386 1211 1510 1256 ἔχευεν.
1566 1212 1600 1246 Ω
1631 1213 1703 1249 445

1074 1273 1172 1306 τοῖσι
1224 1266 1255 1305 δ’
1289 1267 1346 1318 ἐφ’
1375 1271 1489 1306 ὕπνον
1531 1270 1625 1314 ἔχευε
1670 1271 1701 1305 δ.

1074 1329 1335 1377 Ἀργεϊφόντης.

287 1385 364 1421 Cer.
388 1388 457 1422 196
477 1386 619 1434 πηκτὸν
633 1385 724 1430 ἕδος,
744 1389 965 1436 καθύπερθε
1024 1401 1045 1422 τ
1081 1389 1128 1424 58
1173 1385 1238 1422 ἐπὶ
1281 1385 1373 1432 μέγα
1411 1386 1565 1431 βάλλετο
1603 1389 1702 1428 κῶας

334 1442 366 1479 δ’
385 1442 446 1480 ἐπ’
463 1446 640 1493 ἀργύφεον
665 1447 753 1491 βάλε
780 1450 888 1489 κῶας.
1074 1446 1095 1480 ὅ
1121 1447 1194 1481 440
1217 1444 1327 1490 βάλεν
1348 1440 1380 1479 δ’
1396 1443 1463 1479 ἐπὶ
1482 1444 1595 1492 δέρμα
1621 1442 1701 1479 ἑκά-

1074 1516 1147 1550 στῳ
1186 1503 1206 1546 ξ
1239 1507 1311 1541 520
1359 1503 1426 1540 ἐπὶ
1472 1504 1513 1540 δὲ
1553 1505 1703 1549 χλαῖναν

1072 1562 1182 1607 βάλεν
1206 1562 1317 1610 αὐτῷ,
1345 1577 1365 1597 υ
1391 1566 1424 1600 4.

288 1619 366 1656 Cer.
398 1623 468 1657 217
522 1621 697 1666 τέτλαμεν
747 1620 962 1669 ἄνθρωποι·
1025 1620 1076 1657 Et
1090 1620 1328 1668 compositum
1341 1620 1701 1657 tantuminHomero

336 1679 402 1713 ἐπὶ
431 1681 498 1725 γὰρ
523 1678 626 1725 ζυγὸς
654 1679 772 1723 αὐχένι
799 1683 928 1715 κεῖται.
1073 1684 1196 1716 exstat
1221 1693 1336 1728 neque
1362 1693 1434 1716 vox
1460 1679 1563 1725 ζυγός
1593 1691 1702 1715 sensu

1073 1739 1196 1775 eodem
1229 1751 1299 1787 quo
1326 1739 1405 1775 loeo
1432 1737 1618 1785 adscripto
1644 1749 1701 1772 us-

1074 1810 1182 1846 quam
1213 1798 1312 1844 apud
1338 1798 1537 1834 Homerum
1564 1795 1702 1839 inve-ni-

1073 1859 1146 1891 tur.
1175 1856 1294 1892 Locus
1312 1859 1435 1892 tamen
1461 1855 1525 1891 ille
1542 1854 1699 1890 fortasse

1072 1913 1119 1949 ad
1162 1913 1347 1961 exemplar
1388 1913 1517 1949 huius:
1570 1917 1604 1948 Z
1628 1914 1699 1949 458

1071 1973 1223 2020 κρατερὴ
1265 1962 1313 2007 δ”
1331 1968 1528 2007 ἐπικείσετ’
1562 1971 1699 2017 ἀνάγκη

1071 2042 1263 2078 expressus
1288 2033 1354 2067 est.

285 2086 365 2122 Cer.
401 2088 472 2123 214
516 2099 568 2134 sq.
609 2087 676 2123 ἐπί
720 2101 777 2123 τοι
823 2087 960 2136 πρέπει
1022 2087 1271 2136 Compositum
1310 2080 1427 2124 solum
1466 2087 1503 2124 in
1542 2088 1699 2124 Homero

331 2144 469 2190 ὄμμασι
497 2143 613 2187 αἰδώς
637 2145 701 2182 καὶ
726 2147 839 2194 χάρις.
1071 2151 1213 2193 exstat3
1247 2148 1292 2183 cf.
1312 2161 1341 2182 ω
1367 2150 1436 2185 252
1473 2147 1557 2183 οὐδέ
1581 2160 1617 2182 τι
1644 2157 1701 2180 τοι

1071 2205 1232 2241 δούλειον
1275 2201 1492 2254 ἑπιπρέπει’
1539 2203 1700 2252 εἰσοράα-

1072 2266 1177 2301 σθαι.

282 2322 315 2357 h.
348 2323 425 2359 VII
467 2327 513 2360 23
565 2324 714 2359 αὐτίκα·
775 2322 860 2373 μηδ’
893 2322 959 2360 ἐπὶ.
1022 2338 1035 2359 ι
1062 2327 1133 2361 288
1160 2322 1302 2371 ἑτάροις
1328 2324 1395 2359 ἔπι
1416 2326 1539 2369 χεῖρας
1564 2321 1697 2358 ἰἀλλεν-

329 2384 451 2429 χεῖρας
478 2381 621 2418 ἰάλλετε
646 2383 749 2431 μήτι
767 2383 957 2428 χολωθείς.
1069 2385 1181 2420 θ443
1191 2377 1339 2425 301593’
1352 2382 1418 2419 ἔπι
1428 2383 1558 2428 δεσμὸν
1567 2379 1701 2430 ἴηλονβ

1070 2445 1141 2479 316
1153 2441 1245 2487 ῧμμι
1260 2443 1376 2483 κακὰς
1387 2441 1453 2477 ἔπι
1463 2443 1587 2489 χεῖρας
1598 2439 1697 2488 ἰήλω.
