1801 2720
1456 54 1548 98 xvn

924 146 1093 183 Ceterum
1136 147 1317 184 Homerus
1358 160 1399 183 eo
1436 148 1546 184 verbo

924 204 997 241 nisi
1022 205 1066 240 de
1090 205 1213 241 ventis
1238 218 1311 242 non
1335 207 1466 243 utitur.
1503 207 1543 243 Si

925 263 1033 301 semel
1077 263 1233 311 legimus
1280 267 1314 298 Φ
1346 268 1418 304 386
1466 265 1548 310 δίχα

925 333 1011 368 σφιν
1068 323 1187 367 θυμὸς
1237 321 1325 371 ἄητο
1346 341 1349 343 ·
1372 325 1549 372 spirando

923 380 1124 427 ferebatur,
1139 394 1358 430 quamquam
1370 383 1550 420 translate

924 444 1143 488 usurpatum
1193 444 1268 485 est,
1324 444 1446 477 tamen
1496 446 1552 477 est

924 498 1055 535 similis
1072 499 1173 536 verbi
1184 498 1287 535 notio
1300 502 1411 547 atque
1421 499 1550 536 ceteris

923 558 1024 595 locis.

140 617 176 653 h.
203 617 281 653 VH
312 620 359 654 33
398 614 595 662 ’ἔμπνευσεν
632 612 663 650 δ’
684 615 816 662 ἄνεμος
874 615 1006 653 Utitur
1030 616 1211 652 Homerus
1236 615 1276 651 in
1301 628 1341 652 re
1358 616 1483 653 eadem
1501 617 1550 651 lo-

155 705 159 708 ,
188 674 298 721 μέσον
320 674 458 712 ’ἶστίον-
486 674 583 723 ἀμφὶ
600 671 631 711 δ’
644 671 698 724 ἄρ’
712 675 814 712 ὅπλα
923 675 1087 731 cutione:
1110 673 1212 711 ἱστία
1225 674 1394 720 στέλλειν,
1408 675 1547 712 στέλλε-

187 736 422 771 καττάνυσαν.
923 737 1025 780 σθαι,
1044 735 1251 783 μηρύεσθαι
1263 735 1309 771 cf.
1321 747 1342 781 y
1352 737 1407 778 11,
1423 748 1456 769 π
1464 737 1547 772 353.

923 797 967 828 Λ
989 795 1081 840 433,
1111 808 1139 839 μ
1164 796 1248 831 170.
1301 793 1550 842 Compositum

922 854 1073 889 verbum
1099 853 1312 888 κατατανύω
1334 853 1373 889 in
1393 853 1548 889 Homero

921 923 1102 959 nusquam
1128 914 1261 955 exstat.

137 969 172 1005 h.
195 968 370 1007 XXVIII
410 972 456 1007 10
506 968 601 1016 ἀμφὶ
644 968 684 1005 δὲ
725 971 812 1016 γαῖα
873 970 919 1007 cf.
938 973 982 1004 A
998 973 1068 1009 481
1088 985 1128 1002 z.-
1145 973 1170 1016 β
1187 971 1259 1007 427
1278 968 1374 1017 ἀμφὶ
1392 968 1433 1005 δὲ
1452 973 1547 1014 κῦμα

188 1027 404 1075 σμερδαλέον
430 1025 585 1076 ἰάχησεν.
921 1027 1056 1077 σπείρῃ
1089 1029 1296 1077 πορφύρεον
1327 1024 1451 1075 μέγαλ’
1469 1026 1547 1073 ἴαχε

921 1088 1005 1137 νηὸς
1031 1086 1164 1137 ἰούσης.

803 1176 886 1212 Ἀνά

139 1253 354 1291 adverbium
380 1267 402 1291 a
427 1256 536 1292 verbo
563 1254 765 1306 seiunctum
792 1256 932 1303 legitur
948 1256 987 1292 in
1003 1255 1123 1293 Iliade
1140 1259 1178 1292 et
1197 1256 1362 1305 Odyssea
1379 1257 1546 1304 sexagies

138 1314 341 1361 quinquies.
368 1313 453 1349 Huc
475 1326 548 1350 non
574 1317 661 1351 sunt
686 1314 867 1351 referendi
892 1315 974 1358 loci,
1001 1314 1133 1362 quibus
1160 1314 1227 1350 ἀνά
1244 1315 1454 1362 imperativi
1471 1316 1545 1351 vim

135 1372 248 1409 habet
280 1375 324 1408 ut
348 1375 383 1406 Z
406 1374 498 1415 331,
534 1374 556 1405 Ι
578 1373 661 1415 247,
697 1374 729 1407 Σ
753 1374 838 1416 178,
865 1383 888 1407 σ
916 1375 973 1409 13.
1004 1375 1047 1407 A
1071 1375 1118 1409 32
1145 1371 1188 1407 ἄν
1221 1384 1301 1408 cum
1335 1371 1545 1409 Rzachio

135 1431 331 1479 legendum
364 1438 441 1467 esse
471 1434 573 1479 puto.
623 1431 789 1479 Itemque
829 1433 865 1466 Ψ
889 1434 958 1469 132
984 1430 1028 1467 ἅν
1052 1432 1135 1478 lego
1163 1445 1245 1468 cum
1275 1431 1322 1468 D.
1342 1432 1364 1466 λ
1389 1434 1413 1469 4
1438 1432 1482 1467 ἂν
1508 1432 1548 1468 δὲ

136 1487 200 1525 καί
224 1490 289 1526 ubi
315 1488 353 1524 ἑν
377 1484 422 1524 δὲ’
442 1489 506 1536 καί
531 1489 607 1525 alii.
635 1511 683 1516 —
709 1490 755 1525 In
780 1490 933 1526 Hesiodi
959 1490 1180 1526 carminibus
1198 1489 1318 1533 semel,
1344 1490 1383 1525 in
1400 1490 1547 1537 hymnis

136 1548 343 1584 Homericis
370 1551 510 1595 quater.

136 1617 223 1654 Hes.
243 1618 342 1654 Scut.
362 1619 437 1655 246
463 1630 514 1665 sq.
552 1616 690 1665 ἀθρόου
715 1617 812 1653 ἔκτο-
872 1617 1011 1654 Eadem
1035 1617 1172 1654 locutio
1198 1617 1238 1653 in
1253 1617 1406 1653 Homeri
1423 1617 1548 1653 carmi-

185 1678 276 1711 σθεν
295 1675 440 1711 πυλέων
460 1674 553 1719 ἔσαν,
569 1674 613 1711 ἂν
630 1675 671 1711 δὲ
688 1678 812 1712 θεοῖσι
921 1677 1029 1712 nibus
1062 1676 1102 1712 in
1136 1676 1213 1712 solo
1261 1676 1458 1724 composito
1494 1676 1547 1712 in-

183 1735 306 1782 χεῖρας
330 1733 409 1779 ἔχον
433 1734 645 1782 μακάρεσσι.
920 1735 1069 1772 venitur
1116 1738 1157 1771 ut
1199 1741 1241 1771 A
1265 1736 1354 1779 450,
1404 1737 1439 1770 Γ
1459 1737 1542 1779 275,

589 1790 592 1792 ’
922 1797 954 1829 Σ
985 1797 1051 1838 75,
1090 1808 1109 1829 ν
1143 1796 1231 1837 355,
1271 1808 1290 1841 ρ
1320 1797 1418 1838 239,
1454 1808 1474 1828 v
1499 1796 1546 1831 97

921 1852 1077 1900 aliisque
1103 1853 1193 1889 locis
1219 1853 1357 1889 multis.

70 1950 72 1952 ,
135 1911 170 1948 h.
185 1909 431 1959 Apo1.1114o
446 1910 556 1947 lectio
575 1910 697 1948 dubia.
716 1893 812 1959 ῥῖψα
872 1912 918 1948 ef.
944 1912 1056 1959 paulo
1083 1912 1194 1948 infra.

185 1967 227 2004 δέ
250 1968 358 2012 Abel,
386 1963 466 2015 ῥῖψ’
483 1967 551 2003 ἀνά
577 1968 732 2005 Gemoll.

134 2027 169 2063 h.
189 2026 299 2074 Apol.
321 2026 362 2063 II
380 2028 450 2065 328
483 2023 524 2062 ἐκ
549 2022 581 2062 δ’
596 2027 683 2070 ἁλὸς
708 2027 812 2076 ἠπει-
872 2020 917 2065 cf.
936 2041 958 2064 κ
984 2031 1056 2066 403
1083 2032 1151 2076 νῆα
1168 2027 1235 2073 μὲν
1251 2027 1296 2076 ἂρ
1315 2028 1547 2076 πάμπρωτον

184 2084 286 2132 ρόνδε
310 2086 404 2133 θοὴν
430 2086 498 2121 ἀνὰ
524 2081 575 2133 νῆ’
591 2086 772 2133 ἐρύσαντο.
921 2087 1094 2134 ἐρύσσατε
1117 2086 1319 2134 ἤπειρόνδε.
1339 2100 1371 2121 π
1388 2090 1460 2124 325
1479 2092 1546 2134 νῆα

920 2144 985 2189 μὲν
1002 2145 1042 2180 οἳ
1057 2157 1094 2191 γε
1112 2144 1285 2190 μέλαιναν
1303 2140 1363 2180 ἐπ’
1375 2145 1545 2193 ἠπείροιο

920 2203 1071 2252 ἔρυσσαν
1095 2204 1140 2241 cf.
1160 2206 1243 2241 359.
1276 2205 1307 2239 Θ
1333 2206 1416 2248 226,
1443 2208 1486 2240 Λ
1510 2208 1543 2244 9.

920 2263 1107 2298 Adverbio
1134 2263 1264 2309 ubique
1291 2267 1391 2299 caret
1407 2264 1544 2301 locutio

920 2321 1008 2358 haec
1032 2321 1072 2357 in
1096 2321 1249 2358 Homeri
1275 2323 1507 2360 carminibus.

132 2377 244 2426 Apol.
255 2377 296 2414 II
308 2374 465 2428 14Ορῖψ’
477 2378 544 2415 α’νὰ
550 2377 670 2428 χερσὶν
679 2376 811 2415 ἑλοῦσα
869 2383 913 2415 Π
933 2383 954 2418 8
982 2379 1004 2428 ἥ
1028 2376 1067 2416 θ’
1084 2379 1161 2425 ἅμα
1190 2381 1300 2429 μητρὶ
1325 2380 1464 2419 θέουσα
1489 2382 1545 2418 ἀν-

183 2437 247 2471 καὶ
283 2436 439 2483 ἔμβαλον
475 2437 574 2485 εὗρεΐ
610 2438 734 2486 πόντῳ
772 2442 811 2475 et
919 2438 1071 2474 ελέσθαι
1103 2439 1232 2485 ἀνώγει
1264 2443 1301 2476 et
1336 2443 1378 2474 Π
1401 2443 1447 2477 10
1486 2441 1546 2475 δα-

1390 2510 1409 2541 2
