<?xml version="1.0" encoding="UTF-8"?>
<!DOCTYPE html PUBLIC "-//W3C//DTD XHTML 1.0 Transitional//EN"
    "http://www.w3.org/TR/xhtml1/DTD/xhtml1-transitional.dtd">
<html xmlns="http://www.w3.org/1999/xhtml" xml:lang="en" lang="en">
 <head>
  <title>
</title>
<meta http-equiv="Content-Type" content="text/html;charset=utf-8" />
  <meta name='ocr-system' content='tesseract 3.04.00' />
  <meta name='ocr-capabilities' content='ocr_page ocr_carea ocr_par ocr_line ocrx_word'/>
</head>
<body>
  <div class='ocr_page' id='page_1' title='image "4737384_0023.png"; bbox 0 0 1801 2720; ppageno 0'>
   <div class='ocr_carea' id='block_1_1' title="bbox 1449 58 1508 89">
    <p class='ocr_par' dir='ltr' id='par_1_1' title="bbox 1449 58 1508 89">
     <span class='ocr_line' id='line_1_1' title="bbox 1449 58 1508 89; baseline -0.017 0"><span class='ocrx_word' id='word_1_1' title='bbox 1449 58 1508 89; x_wconf 73' lang='lat' dir='ltr'><strong><em>XV</em></strong></span> 
     </span>
    </p>
   </div>
   <div class='ocr_carea' id='block_1_2' title="bbox 747 179 858 227">
    <p class='ocr_par' dir='ltr' id='par_1_2' title="bbox 747 179 858 227">
     <span class='ocr_line' id='line_1_2' title="bbox 747 179 858 227; baseline 0 -12"><span class='ocrx_word' id='word_1_2' title='bbox 747 179 858 227; x_wconf 72' lang='grc' dir='ltr'><strong><em>Ἀμφὶ</em></strong></span> 
     </span>
    </p>
   </div>
   <div class='ocr_carea' id='block_1_3' title="bbox 100 258 1511 373">
    <p class='ocr_par' dir='ltr' id='par_1_3' title="bbox 100 258 1511 373">
     <span class='ocr_line' id='line_1_3' title="bbox 101 258 1507 310; baseline -0.001 -10"><span class='ocrx_word' id='word_1_3' title='bbox 101 261 316 301; x_wconf 80' lang='lat' dir='ltr'><strong>adverbium</strong></span> <span class='ocrx_word' id='word_1_4' title='bbox 350 273 431 296; x_wconf 85' lang='lat' dir='ltr'><strong><em>cum</em></strong></span> <span class='ocrx_word' id='word_1_5' title='bbox 466 259 588 296; x_wconf 88' lang='lat' dir='ltr'><strong>verbis</strong></span> <span class='ocrx_word' id='word_1_6' title='bbox 619 258 853 296; x_wconf 85' lang='lat' dir='ltr'><strong>coniunctum</strong></span> <span class='ocrx_word' id='word_1_7' title='bbox 878 258 1018 305; x_wconf 78' lang='lat' dir='ltr'><strong>legitur</strong></span> <span class='ocrx_word' id='word_1_8' title='bbox 1042 258 1080 294; x_wconf 88' lang='lat' dir='ltr'><strong><em>in</em></strong></span> <span class='ocrx_word' id='word_1_9' title='bbox 1106 258 1239 307; x_wconf 20' lang='lat' dir='ltr'><strong>Iliade*</strong></span> <span class='ocrx_word' id='word_1_10' title='bbox 1257 264 1294 297; x_wconf 86' lang='lat' dir='ltr'><strong>et</strong></span> <span class='ocrx_word' id='word_1_11' title='bbox 1321 260 1507 310; x_wconf 79' lang='lat' dir='ltr'>Odyssea:</span> 
     </span>
     <span class='ocr_line' id='line_1_4' title="bbox 100 317 1511 373; baseline -0.001 -16"><span class='ocrx_word' id='word_1_12' title='bbox 100 320 234 359; x_wconf 79' lang='lat' dir='ltr'><strong>centies</strong></span> <span class='ocrx_word' id='word_1_13' title='bbox 267 318 395 373; x_wconf 76' lang='lat' dir='ltr'><strong>sexies.</strong></span> <span class='ocrx_word' id='word_1_14' title='bbox 445 320 489 352; x_wconf 89' lang='lat' dir='ltr'><em>A</em></span> <span class='ocrx_word' id='word_1_15' title='bbox 512 320 603 360; x_wconf 84' lang='lat'>414,</span> <span class='ocrx_word' id='word_1_16' title='bbox 639 319 711 354; x_wconf 86' lang='lat'><strong><em>419</em></strong></span> <span class='ocrx_word' id='word_1_17' title='bbox 724 345 732 360; x_wconf 89' lang='lat'>‚</span> <span class='ocrx_word' id='word_1_18' title='bbox 768 319 839 354; x_wconf 87' lang='grc'><strong><em>482</em></strong></span> <span class='ocrx_word' id='word_1_19' title='bbox 875 321 1002 352; x_wconf 79' lang='lat' dir='ltr'><strong>nostra,</strong></span> <span class='ocrx_word' id='word_1_20' title='bbox 1037 317 1180 364; x_wconf 81' lang='lat' dir='ltr'><strong>quidem</strong></span> <span class='ocrx_word' id='word_1_21' title='bbox 1216 319 1397 355; x_wconf 85' lang='lat' dir='ltr'><strong>sententia</strong></span> <span class='ocrx_word' id='word_1_22' title='bbox 1423 324 1511 356; x_wconf 89' lang='lat' dir='ltr'><strong>sunt</strong></span> 
     </span>
    </p>
   </div>
   <div class='ocr_carea' id='block_1_4' title="bbox 101 376 400 429">
    <p class='ocr_par' dir='ltr' id='par_1_4' title="bbox 101 376 400 429">
     <span class='ocr_line' id='line_1_5' title="bbox 101 376 400 429; baseline -0.01 -13"><span class='ocrx_word' id='word_1_23' title='bbox 101 376 400 429; x_wconf 68' lang='lat' dir='ltr'><strong>praepositiones.</strong></span> 
     </span>
    </p>
   </div>
   <div class='ocr_carea' id='block_1_5' title="bbox 218 421 1510 481">
    <p class='ocr_par' dir='ltr' id='par_1_5' title="bbox 218 421 1510 481">
     <span class='ocr_line' id='line_1_6' title="bbox 218 421 1510 481; baseline 0.002 -9"><span class='ocrx_word' id='word_1_24' title='bbox 218 437 264 473; x_wconf 91' lang='lat' dir='ltr'><strong><em>In</em></strong></span> <span class='ocrx_word' id='word_1_25' title='bbox 281 435 434 473; x_wconf 73' lang='lat' dir='ltr'><strong>Hesiodi</strong></span> <span class='ocrx_word' id='word_1_26' title='bbox 455 434 679 472; x_wconf 69' lang='lat' dir='ltr'>carminibus</span> <span class='ocrx_word' id='word_1_27' title='bbox 697 434 832 471; x_wconf 67' lang='lat' dir='ltr'><strong>decies:</strong></span> <span class='ocrx_word' id='word_1_28' title='bbox 865 421 1097 481; x_wconf 77' lang='lat' dir='ltr'><strong>Theog.19o‚</strong></span> <span class='ocrx_word' id='word_1_29' title='bbox 1120 437 1200 477; x_wconf 86' lang='lat'>194,</span> <span class='ocrx_word' id='word_1_30' title='bbox 1220 437 1303 478; x_wconf 82' lang='lat'><strong><em>554,</em></strong></span> <span class='ocrx_word' id='word_1_31' title='bbox 1323 438 1406 477; x_wconf 77' lang='lat'><strong><em>578,</em></strong></span> <span class='ocrx_word' id='word_1_32' title='bbox 1428 439 1510 479; x_wconf 84' lang='lat'><strong><em>693,</em></strong></span> 
     </span>
    </p>
   </div>
   <div class='ocr_carea' id='block_1_6' title="bbox 102 494 630 538">
    <p class='ocr_par' dir='ltr' id='par_1_6' title="bbox 102 494 630 538">
     <span class='ocr_line' id='line_1_7' title="bbox 102 494 630 538; baseline -0.006 -5"><span class='ocrx_word' id='word_1_33' title='bbox 102 497 184 538; x_wconf 86' lang='lat'><strong><em>694,</em></strong></span> <span class='ocrx_word' id='word_1_34' title='bbox 215 496 295 537; x_wconf 86' lang='grc'><strong>726,</strong></span> <span class='ocrx_word' id='word_1_35' title='bbox 324 494 406 536; x_wconf 88' lang='grc'><strong><em>778,</em></strong></span> <span class='ocrx_word' id='word_1_36' title='bbox 435 495 518 538; x_wconf 77' lang='grc'>839,</span> <span class='ocrx_word' id='word_1_37' title='bbox 547 494 630 530; x_wconf 86' lang='lat'>855.</span> 
     </span>
    </p>
   </div>
   <div class='ocr_carea' id='block_1_7' title="bbox 218 551 1511 600">
    <p class='ocr_par' dir='ltr' id='par_1_7' title="bbox 218 551 1511 600">
     <span class='ocr_line' id='line_1_8' title="bbox 218 551 1511 600; baseline 0 -11"><span class='ocrx_word' id='word_1_38' title='bbox 218 552 264 589; x_wconf 87' lang='lat' dir='ltr'><strong><em>In</em></strong></span> <span class='ocrx_word' id='word_1_39' title='bbox 289 551 437 600; x_wconf 85' lang='lat' dir='ltr'><strong>hymnis</strong></span> <span class='ocrx_word' id='word_1_40' title='bbox 462 551 577 599; x_wconf 83' lang='lat' dir='ltr'><strong>vulgo</strong></span> <span class='ocrx_word' id='word_1_41' title='bbox 594 551 797 588; x_wconf 83' lang='lat' dir='ltr'><strong>Homericis</strong></span> <span class='ocrx_word' id='word_1_42' title='bbox 815 551 1013 600; x_wconf 81' lang='lat' dir='ltr'><strong>appellatis</strong></span> <span class='ocrx_word' id='word_1_43' title='bbox 1029 564 1158 588; x_wconf 90' lang='lat' dir='ltr'><strong>novem</strong></span> <span class='ocrx_word' id='word_1_44' title='bbox 1176 552 1266 588; x_wconf 85' lang='lat' dir='ltr'><strong>locis</strong></span> <span class='ocrx_word' id='word_1_45' title='bbox 1284 552 1394 599; x_wconf 84' lang='lat' dir='ltr'><strong>paulo</strong></span> <span class='ocrx_word' id='word_1_46' title='bbox 1414 553 1511 589; x_wconf 85' lang='lat' dir='ltr'><strong>infra</strong></span> 
     </span>
    </p>
   </div>
   <div class='ocr_carea' id='block_1_8' title="bbox 102 611 307 659">
    <p class='ocr_par' dir='ltr' id='par_1_8' title="bbox 102 611 307 659">
     <span class='ocr_line' id='line_1_9' title="bbox 102 611 307 659; baseline -0.01 -11"><span class='ocrx_word' id='word_1_47' title='bbox 102 611 307 659; x_wconf 82' lang='lat' dir='ltr'><strong>adscriptis.</strong></span> 
     </span>
    </p>
   </div>
   <div class='ocr_carea' id='block_1_9' title="bbox 103 688 778 738">
    <p class='ocr_par' dir='ltr' id='par_1_9' title="bbox 103 688 778 738">
     <span class='ocr_line' id='line_1_10' title="bbox 103 688 778 738; baseline -0.004 -11"><span class='ocrx_word' id='word_1_48' title='bbox 103 691 237 738; x_wconf 75' lang='lat' dir='ltr'><strong>Theog.</strong></span> <span class='ocrx_word' id='word_1_49' title='bbox 263 692 331 728; x_wconf 89' lang='lat'><strong><em>190</em></strong></span> <span class='ocrx_word' id='word_1_50' title='bbox 355 702 408 738; x_wconf 81' lang='lat' dir='ltr'><strong><em>sq.</em></strong></span> <span class='ocrx_word' id='word_1_51' title='bbox 447 689 545 737; x_wconf 77' lang='grc' dir='ltr'><strong><em>ἀμφὶ</em></strong></span> <span class='ocrx_word' id='word_1_52' title='bbox 579 688 620 725; x_wconf 83' lang='grc' dir='ltr'><strong><em>δὲ</em></strong></span> <span class='ocrx_word' id='word_1_53' title='bbox 653 689 778 730; x_wconf 81' lang='grc' dir='ltr'><strong><em>λευκὸς</em></strong></span> 
     </span>
    </p>
   </div>
   <div class='ocr_carea' id='block_1_10' title="bbox 150 747 776 845">
    <p class='ocr_par' dir='ltr' id='par_1_10' title="bbox 150 747 776 845">
     <span class='ocr_line' id='line_1_11' title="bbox 151 747 776 797; baseline -0.002 -13"><span class='ocrx_word' id='word_1_54' title='bbox 151 749 266 797; x_wconf 78' lang='grc' dir='ltr'><strong><em>ἀφρὸς</em></strong></span> <span class='ocrx_word' id='word_1_55' title='bbox 290 748 357 784; x_wconf 80' lang='grc' dir='ltr'><strong><em>ἀπ’</em></strong></span> <span class='ocrx_word' id='word_1_56' title='bbox 378 748 564 784; x_wconf 74' lang='grc' dir='ltr'><strong><em>ἀθανάτου</em></strong></span> <span class='ocrx_word' id='word_1_57' title='bbox 584 749 689 796; x_wconf 86' lang='grc' dir='ltr'><strong><em>χροὸς</em></strong></span> <span class='ocrx_word' id='word_1_58' title='bbox 713 747 776 795; x_wconf 76' lang='grc' dir='ltr'><strong><em>ὤρ-</em></strong></span> 
     </span>
     <span class='ocr_line' id='line_1_12' title="bbox 150 822 243 845; baseline 0.011 -1"><span class='ocrx_word' id='word_1_59' title='bbox 150 822 243 845; x_wconf 85' lang='grc' dir='ltr'><strong><em>νυτο.</em></strong></span> 
     </span>
    </p>
   </div>
   <div class='ocr_carea' id='block_1_11' title="bbox 103 1041 777 1146">
    <p class='ocr_par' dir='ltr' id='par_1_11' title="bbox 103 1041 777 1146">
     <span class='ocr_line' id='line_1_13' title="bbox 103 1041 777 1090; baseline -0.006 -9"><span class='ocrx_word' id='word_1_60' title='bbox 103 1047 175 1081; x_wconf 70' lang='grc'><strong><em>554</em></strong></span> <span class='ocrx_word' id='word_1_61' title='bbox 186 1044 328 1088; x_wconf 86' lang='grc' dir='ltr'><strong><em>χώσατο</em></strong></span> <span class='ocrx_word' id='word_1_62' title='bbox 347 1043 387 1079; x_wconf 85' lang='grc' dir='ltr'><strong><em>δὲ</em></strong></span> <span class='ocrx_word' id='word_1_63' title='bbox 400 1043 542 1090; x_wconf 83' lang='grc' dir='ltr'><strong><em>φρένας,</em></strong></span> <span class='ocrx_word' id='word_1_64' title='bbox 555 1041 651 1089; x_wconf 78' lang='grc' dir='ltr'><strong><em>ἀμφὶ</em></strong></span> <span class='ocrx_word' id='word_1_65' title='bbox 664 1041 705 1077; x_wconf 81' lang='grc' dir='ltr'><strong><em>δέ</em></strong></span> <span class='ocrx_word' id='word_1_66' title='bbox 715 1056 777 1087; x_wconf 92' lang='grc' dir='ltr'><strong><em>μιν</em></strong></span> 
     </span>
     <span class='ocr_line' id='line_1_14' title="bbox 149 1100 532 1146; baseline -0.005 -9"><span class='ocrx_word' id='word_1_67' title='bbox 149 1101 255 1146; x_wconf 81' lang='grc' dir='ltr'><strong><em>χόλος</em></strong></span> <span class='ocrx_word' id='word_1_68' title='bbox 280 1102 378 1137; x_wconf 80' lang='grc' dir='ltr'><strong><em>ἵκετο</em></strong></span> <span class='ocrx_word' id='word_1_69' title='bbox 404 1100 532 1146; x_wconf 75' lang='grc' dir='ltr'><strong><em>θυμόν.</em></strong></span> 
     </span>
    </p>
   </div>
   <div class='ocr_carea' id='block_1_12' title="bbox 104 1218 777 1445">
    <p class='ocr_par' dir='ltr' id='par_1_12' title="bbox 104 1218 776 1327">
     <span class='ocr_line' id='line_1_15' title="bbox 104 1218 776 1267; baseline -0.001 -11"><span class='ocrx_word' id='word_1_70' title='bbox 104 1221 174 1256; x_wconf 84' lang='grc'><strong><em>693</em></strong></span> <span class='ocrx_word' id='word_1_71' title='bbox 197 1232 249 1267; x_wconf 87' lang='lat' dir='ltr'><strong><em>sq.</em></strong></span> <span class='ocrx_word' id='word_1_72' title='bbox 278 1218 373 1266; x_wconf 78' lang='grc' dir='ltr'><strong><em>ἀμφὶ</em></strong></span> <span class='ocrx_word' id='word_1_73' title='bbox 399 1218 439 1254; x_wconf 78' lang='grc' dir='ltr'><strong><em>δὲ</em></strong></span> <span class='ocrx_word' id='word_1_74' title='bbox 457 1221 544 1265; x_wconf 80' lang='grc' dir='ltr'><strong><em>γαῖα</em></strong></span> <span class='ocrx_word' id='word_1_75' title='bbox 562 1218 776 1266; x_wconf 79' lang='grc' dir='ltr'><strong><em>ἐσμαράγιζε</em></strong></span> 
     </span>
     <span class='ocr_line' id='line_1_16' title="bbox 151 1277 388 1327; baseline 0.004 -13"><span class='ocrx_word' id='word_1_76' title='bbox 151 1277 324 1327; x_wconf 79' lang='grc' dir='ltr'><strong><em>καιομένη</em></strong></span> <span class='ocrx_word' id='word_1_77' title='bbox 349 1282 388 1315; x_wconf 83' lang='lat' dir='ltr'><strong>et</strong></span> 
     </span>
    </p>

    <p class='ocr_par' dir='ltr' id='par_1_13' title="bbox 105 1336 777 1445">
     <span class='ocr_line' id='line_1_17' title="bbox 105 1336 777 1384; baseline -0.003 -9"><span class='ocrx_word' id='word_1_78' title='bbox 105 1341 173 1375; x_wconf 87' lang='lat'><strong><em>839</em></strong></span> <span class='ocrx_word' id='word_1_79' title='bbox 217 1337 314 1384; x_wconf 78' lang='grc' dir='ltr'><strong><em>ἀμφὶ</em></strong></span> <span class='ocrx_word' id='word_1_80' title='bbox 353 1336 393 1373; x_wconf 80' lang='grc' dir='ltr'><strong><em>δὲ</em></strong></span> <span class='ocrx_word' id='word_1_81' title='bbox 434 1340 519 1384; x_wconf 79' lang='grc' dir='ltr'><strong><em>γαῖα</em></strong></span> <span class='ocrx_word' id='word_1_82' title='bbox 561 1336 777 1384; x_wconf 69' lang='grc' dir='ltr'><strong><em>σμερδαλέον</em></strong></span> 
     </span>
     <span class='ocr_line' id='line_1_18' title="bbox 152 1396 340 1445; baseline 0 -13"><span class='ocrx_word' id='word_1_83' title='bbox 152 1396 340 1445; x_wconf 80' lang='grc' dir='ltr'><strong><em>κονάβησε.</em></strong></span> 
     </span>
    </p>
   </div>
   <div class='ocr_carea' id='block_1_13' title="bbox 104 1569 778 1678">
    <p class='ocr_par' dir='ltr' id='par_1_14' title="bbox 104 1569 778 1678">
     <span class='ocr_line' id='line_1_19' title="bbox 104 1569 778 1620; baseline -0.003 -12"><span class='ocrx_word' id='word_1_84' title='bbox 104 1574 176 1609; x_wconf 81' lang='grc'><strong><em>578</em></strong></span> <span class='ocrx_word' id='word_1_85' title='bbox 203 1571 300 1619; x_wconf 83' lang='grc' dir='ltr'><strong><em>ἀμφὶ</em></strong></span> <span class='ocrx_word' id='word_1_86' title='bbox 326 1570 365 1607; x_wconf 84' lang='grc' dir='ltr'><strong><em>δέ</em></strong></span> <span class='ocrx_word' id='word_1_87' title='bbox 384 1569 418 1607; x_wconf 80' lang='grc' dir='ltr'><strong><em>οὶ</em></strong></span> <span class='ocrx_word' id='word_1_88' title='bbox 436 1570 615 1619; x_wconf 79' lang='grc' dir='ltr'><strong><em>στεφάνην</em></strong></span> <span class='ocrx_word' id='word_1_89' title='bbox 630 1570 778 1620; x_wconf 82' lang='grc' dir='ltr'><strong><em>χρυσέην</em></strong></span> 
     </span>
     <span class='ocr_line' id='line_1_20' title="bbox 152 1629 504 1678; baseline 0.003 -13"><span class='ocrx_word' id='word_1_90' title='bbox 152 1630 358 1677; x_wconf 80' lang='grc' dir='ltr'><strong><em>κεφαλῆφιν</em></strong></span> <span class='ocrx_word' id='word_1_91' title='bbox 383 1629 504 1678; x_wconf 76' lang='grc' dir='ltr'><strong><em>ἔθηκε.</em></strong></span> 
     </span>
    </p>
   </div>
   <div class='ocr_carea' id='block_1_14' title="bbox 107 1803 773 1913">
    <p class='ocr_par' dir='ltr' id='par_1_15' title="bbox 107 1803 773 1913">
     <span class='ocr_line' id='line_1_21' title="bbox 107 1803 773 1854; baseline -0.002 -12"><span class='ocrx_word' id='word_1_92' title='bbox 107 1808 177 1842; x_wconf 87' lang='grc'><strong><em>694</em></strong></span> <span class='ocrx_word' id='word_1_93' title='bbox 212 1806 299 1842; x_wconf 82' lang='grc' dir='ltr'><strong><em>λάκε</em></strong></span> <span class='ocrx_word' id='word_1_94' title='bbox 332 1803 363 1841; x_wconf 80' lang='grc' dir='ltr'><strong><em>δΙ</em></strong></span> <span class='ocrx_word' id='word_1_95' title='bbox 385 1807 480 1854; x_wconf 85' lang='grc' dir='ltr'><strong><em>ἀμφὶ</em></strong></span> <span class='ocrx_word' id='word_1_96' title='bbox 526 1807 614 1854; x_wconf 81' lang='grc' dir='ltr'><strong><em>πυρὶ</em></strong></span> <span class='ocrx_word' id='word_1_97' title='bbox 652 1803 773 1853; x_wconf 42' lang='grc' dir='ltr'><strong><em>μέγαλὲ</em></strong></span> 
     </span>
     <span class='ocr_line' id='line_1_22' title="bbox 153 1862 416 1913; baseline 0.008 -14"><span class='ocrx_word' id='word_1_98' title='bbox 153 1862 315 1907; x_wconf 77' lang='grc' dir='ltr'><strong><em>ἄσπετος</em></strong></span> <span class='ocrx_word' id='word_1_99' title='bbox 341 1865 416 1913; x_wconf 77' lang='grc' dir='ltr'><strong><em>ῧλη.</em></strong></span> 
     </span>
    </p>
   </div>
   <div class='ocr_carea' id='block_1_15' title="bbox 108 2389 778 2499">
    <p class='ocr_par' dir='ltr' id='par_1_16' title="bbox 108 2389 778 2499">
     <span class='ocr_line' id='line_1_23' title="bbox 108 2389 778 2440; baseline 0.004 -15"><span class='ocrx_word' id='word_1_100' title='bbox 108 2390 177 2426; x_wconf 88' lang='grc'><strong><em>726</em></strong></span> <span class='ocrx_word' id='word_1_101' title='bbox 211 2389 307 2437; x_wconf 75' lang='grc' dir='ltr'><strong><em>ἀμφὶ</em></strong></span> <span class='ocrx_word' id='word_1_102' title='bbox 341 2390 384 2427; x_wconf 88' lang='grc' dir='ltr'><strong><em>δέ</em></strong></span> <span class='ocrx_word' id='word_1_103' title='bbox 408 2405 470 2436; x_wconf 91' lang='grc' dir='ltr'><strong><em>μιν</em></strong></span> <span class='ocrx_word' id='word_1_104' title='bbox 504 2390 565 2435; x_wconf 84' lang='grc' dir='ltr'><strong><em>νὺξ</em></strong></span> <span class='ocrx_word' id='word_1_105' title='bbox 585 2392 778 2440; x_wconf 82' lang='grc' dir='ltr'><strong><em>τριστοιχεὶ</em></strong></span> 
     </span>
     <span class='ocr_line' id='line_1_24' title="bbox 154 2447 565 2499; baseline 0.007 -16"><span class='ocrx_word' id='word_1_106' title='bbox 154 2447 298 2492; x_wconf 79' lang='grc' dir='ltr'><strong><em>κέχυται</em></strong></span> <span class='ocrx_word' id='word_1_107' title='bbox 325 2450 411 2498; x_wconf 82' lang='grc' dir='ltr'><strong><em>περὶ</em></strong></span> <span class='ocrx_word' id='word_1_108' title='bbox 438 2449 565 2499; x_wconf 87' lang='grc' dir='ltr'><strong><em>δειρήν.</em></strong></span> 
     </span>
    </p>
   </div>
   <div class='ocr_carea' id='block_1_16' title="bbox 835 688 1514 2499">
    <p class='ocr_par' dir='ltr' id='par_1_17' title="bbox 836 688 1514 1031">
     <span class='ocr_line' id='line_1_25' title="bbox 836 688 1512 736; baseline 0 -11"><span class='ocrx_word' id='word_1_109' title='bbox 836 688 892 725; x_wconf 80' lang='lat' dir='ltr'><strong>Re</strong></span> <span class='ocrx_word' id='word_1_110' title='bbox 918 688 1054 725; x_wconf 81' lang='lat' dir='ltr'><strong>similia</strong></span> <span class='ocrx_word' id='word_1_111' title='bbox 1078 689 1257 736; x_wconf 79' lang='lat' dir='ltr'><strong>leguntur</strong></span> <span class='ocrx_word' id='word_1_112' title='bbox 1290 688 1328 724; x_wconf 91' lang='lat' dir='ltr'><strong><em>in</em></strong></span> <span class='ocrx_word' id='word_1_113' title='bbox 1354 688 1512 725; x_wconf 86' lang='lat' dir='ltr'><strong>Homero</strong></span> 
     </span>
     <span class='ocr_line' id='line_1_26' title="bbox 892 744 1514 794; baseline 0.003 -12"><span class='ocrx_word' id='word_1_114' title='bbox 892 750 924 782; x_wconf 96' lang='lat' dir='ltr'><strong><em>Y</em></strong></span> <span class='ocrx_word' id='word_1_115' title='bbox 948 750 1017 785; x_wconf 87' lang='lat'><strong><em>168</em></strong></span> <span class='ocrx_word' id='word_1_116' title='bbox 1053 747 1139 794; x_wconf 81' lang='grc' dir='ltr'><strong><em>περί</em></strong></span> <span class='ocrx_word' id='word_1_117' title='bbox 1171 744 1200 783; x_wconf 79' lang='grc' dir='ltr'><strong><em>τ’</em></strong></span> <span class='ocrx_word' id='word_1_118' title='bbox 1217 747 1333 794; x_wconf 79' lang='grc' dir='ltr'><strong><em>ἀφρὸς</em></strong></span> <span class='ocrx_word' id='word_1_119' title='bbox 1363 748 1514 791; x_wconf 81' lang='grc' dir='ltr'><strong><em>ὀδόντας</em></strong></span> 
     </span>
     <span class='ocr_line' id='line_1_27' title="bbox 886 806 1512 853; baseline 0.003 -12"><span class='ocrx_word' id='word_1_120' title='bbox 886 806 1055 853; x_wconf 76' lang='grc' dir='ltr'><strong><em>γίγνεται.</em></strong></span> <span class='ocrx_word' id='word_1_121' title='bbox 1092 810 1132 841; x_wconf 88' lang='grc' dir='ltr'><em>Χ</em></span> <span class='ocrx_word' id='word_1_122' title='bbox 1158 809 1225 843; x_wconf 88' lang='grc'><strong><em>149</em></strong></span> <span class='ocrx_word' id='word_1_123' title='bbox 1261 806 1357 853; x_wconf 80' lang='grc' dir='ltr'><strong><em>ἀμφὶ</em></strong></span> <span class='ocrx_word' id='word_1_124' title='bbox 1385 807 1426 843; x_wconf 81' lang='grc' dir='ltr'><strong><em>δὲ</em></strong></span> <span class='ocrx_word' id='word_1_125' title='bbox 1452 821 1512 844; x_wconf 83' lang='grc' dir='ltr'><strong><em>κα-</em></strong></span> 
     </span>
     <span class='ocr_line' id='line_1_28' title="bbox 887 865 1510 916; baseline 0.003 -16"><span class='ocrx_word' id='word_1_126' title='bbox 887 866 979 907; x_wconf 81' lang='grc' dir='ltr'><strong><em>πνὸς</em></strong></span> <span class='ocrx_word' id='word_1_127' title='bbox 1004 865 1161 912; x_wconf 78' lang='grc' dir='ltr'><strong><em>γίγνεται</em></strong></span> <span class='ocrx_word' id='word_1_128' title='bbox 1189 865 1301 914; x_wconf 79' lang='grc' dir='ltr'><strong><em>αὐτῆς</em></strong></span> <span class='ocrx_word' id='word_1_129' title='bbox 1326 867 1419 914; x_wconf 83' lang='lat' dir='ltr'><strong>(scil.</strong></span> <span class='ocrx_word' id='word_1_130' title='bbox 1441 882 1510 916; x_wconf 86' lang='grc' dir='ltr'><strong><em>πη-</em></strong></span> 
     </span>
     <span class='ocr_line' id='line_1_29' title="bbox 885 921 1510 973; baseline 0.002 -12"><span class='ocrx_word' id='word_1_131' title='bbox 885 925 975 973; x_wconf 77' lang='grc' dir='ltr'><strong><em>γῆς).</em></strong></span> <span class='ocrx_word' id='word_1_132' title='bbox 1003 925 1023 959; x_wconf 87' lang='grc' dir='ltr'><em>λ</em></span> <span class='ocrx_word' id='word_1_133' title='bbox 1042 928 1114 963; x_wconf 89' lang='grc'><strong><em>600</em></strong></span> <span class='ocrx_word' id='word_1_134' title='bbox 1140 923 1242 972; x_wconf 80' lang='grc' dir='ltr'><strong><em>κονίη</em></strong></span> <span class='ocrx_word' id='word_1_135' title='bbox 1265 921 1297 960; x_wconf 72' lang='grc' dir='ltr'><strong><em>δ’</em></strong></span> <span class='ocrx_word' id='word_1_136' title='bbox 1313 926 1352 961; x_wconf 75' lang='grc' dir='ltr'><strong><em>ἐκ</em></strong></span> <span class='ocrx_word' id='word_1_137' title='bbox 1379 927 1510 973; x_wconf 85' lang='grc' dir='ltr'><strong><em>κρατὸς</em></strong></span> 
     </span>
     <span class='ocr_line' id='line_1_30' title="bbox 887 983 1022 1031; baseline 0 -12"><span class='ocrx_word' id='word_1_138' title='bbox 887 983 1022 1031; x_wconf 82' lang='grc' dir='ltr'><strong><em>ὀρώρει.</em></strong></span> 
     </span>
    </p>

    <p class='ocr_par' dir='ltr' id='par_1_18' title="bbox 835 1041 1512 1209">
     <span class='ocr_line' id='line_1_31' title="bbox 835 1041 1511 1081; baseline 0.007 -5"><span class='ocrx_word' id='word_1_139' title='bbox 835 1041 960 1077; x_wconf 82' lang='lat' dir='ltr'><strong>Affert</strong></span> <span class='ocrx_word' id='word_1_140' title='bbox 993 1042 1097 1078; x_wconf 86' lang='lat' dir='ltr'><strong>nobis</strong></span> <span class='ocrx_word' id='word_1_141' title='bbox 1140 1043 1348 1079; x_wconf 84' lang='lat' dir='ltr'><strong>memoriam</strong></span> <span class='ocrx_word' id='word_1_142' title='bbox 1383 1057 1511 1081; x_wconf 85' lang='lat' dir='ltr'><strong>versus</strong></span> 
     </span>
     <span class='ocr_line' id='line_1_32' title="bbox 885 1097 1512 1150; baseline 0.006 -15"><span class='ocrx_word' id='word_1_143' title='bbox 885 1104 928 1135; x_wconf 90' lang='lat' dir='ltr'><em>A</em></span> <span class='ocrx_word' id='word_1_144' title='bbox 975 1103 1047 1138; x_wconf 90' lang='grc'><strong><em>466</em></strong></span> <span class='ocrx_word' id='word_1_145' title='bbox 1102 1099 1199 1148; x_wconf 79' lang='grc' dir='ltr'><strong><em>ἀμφί</em></strong></span> <span class='ocrx_word' id='word_1_146' title='bbox 1247 1097 1284 1145; x_wconf 73' lang='grc' dir='ltr'><strong><em>μ’</em></strong></span> <span class='ocrx_word' id='word_1_147' title='bbox 1314 1098 1512 1150; x_wconf 78' lang='grc' dir='ltr'><strong><em>Ὀδυσσῆος</em></strong></span> 
     </span>
     <span class='ocr_line' id='line_1_33' title="bbox 885 1155 1089 1209; baseline 0.005 -15"><span class='ocrx_word' id='word_1_148' title='bbox 885 1155 972 1195; x_wconf 75' lang='grc' dir='ltr'><strong><em>ἵκετ’</em></strong></span> <span class='ocrx_word' id='word_1_149' title='bbox 991 1159 1089 1209; x_wconf 80' lang='grc' dir='ltr'><strong><em>ἀυτή.</em></strong></span> 
     </span>
    </p>

    <p class='ocr_par' dir='ltr' id='par_1_19' title="bbox 836 1219 1512 1549">
     <span class='ocr_line' id='line_1_34' title="bbox 836 1219 1511 1268; baseline 0.001 -14"><span class='ocrx_word' id='word_1_150' title='bbox 836 1232 858 1254; x_wconf 89' lang='grc' dir='ltr'><strong><em>κ</em></strong></span> <span class='ocrx_word' id='word_1_151' title='bbox 884 1221 954 1256; x_wconf 88' lang='lat'><strong><em>398</em></strong></span> <span class='ocrx_word' id='word_1_152' title='bbox 987 1219 1081 1266; x_wconf 74' lang='grc' dir='ltr'><strong><em>ἀμφὶ</em></strong></span> <span class='ocrx_word' id='word_1_153' title='bbox 1105 1219 1146 1255; x_wconf 80' lang='grc' dir='ltr'><strong><em>δὲ</em></strong></span> <span class='ocrx_word' id='word_1_154' title='bbox 1171 1221 1275 1265; x_wconf 85' lang='grc' dir='ltr'><strong><em>δῶμα</em></strong></span> <span class='ocrx_word' id='word_1_155' title='bbox 1293 1221 1511 1268; x_wconf 73' lang='grc' dir='ltr'><strong><em>σμερδαλέον</em></strong></span> 
     </span>
     <span class='ocr_line' id='line_1_35' title="bbox 886 1275 1512 1328; baseline 0.006 -16"><span class='ocrx_word' id='word_1_156' title='bbox 886 1275 1066 1324; x_wconf 82' lang='grc' dir='ltr'><strong><em>κονάβιζε,</em></strong></span> <span class='ocrx_word' id='word_1_157' title='bbox 1103 1277 1147 1314; x_wconf 84' lang='lat' dir='ltr'><strong><em>cf.</em></strong></span> <span class='ocrx_word' id='word_1_158' title='bbox 1176 1292 1196 1325; x_wconf 91' lang='grc' dir='ltr'><strong><em>ρ</em></strong></span> <span class='ocrx_word' id='word_1_159' title='bbox 1221 1280 1304 1316; x_wconf 85' lang='grc'>451.</span> <span class='ocrx_word' id='word_1_160' title='bbox 1342 1279 1438 1328; x_wconf 79' lang='grc' dir='ltr'><strong><em>ἀμφὶ</em></strong></span> <span class='ocrx_word' id='word_1_161' title='bbox 1473 1279 1512 1316; x_wconf 80' lang='grc' dir='ltr'><strong><em>δὲ</em></strong></span> 
     </span>
     <span class='ocr_line' id='line_1_36' title="bbox 887 1336 1511 1385; baseline 0.008 -14"><span class='ocrx_word' id='word_1_162' title='bbox 887 1336 1003 1384; x_wconf 81' lang='grc' dir='ltr'><strong><em>πέτρη</em></strong></span> <span class='ocrx_word' id='word_1_163' title='bbox 1024 1336 1138 1372; x_wconf 86' lang='grc' dir='ltr'><strong><em>δεινὸν</em></strong></span> <span class='ocrx_word' id='word_1_164' title='bbox 1163 1336 1342 1385; x_wconf 77' lang='grc' dir='ltr'><strong><em>ἐβεβρύχει</em></strong></span> <span class='ocrx_word' id='word_1_165' title='bbox 1374 1354 1400 1383; x_wconf 92' lang='grc' dir='ltr'><strong><em>μ</em></strong></span> <span class='ocrx_word' id='word_1_166' title='bbox 1428 1343 1511 1381; x_wconf 87' lang='grc'><strong><em>241,</em></strong></span> 
     </span>
     <span class='ocr_line' id='line_1_37' title="bbox 887 1395 1511 1447; baseline 0.005 -16"><span class='ocrx_word' id='word_1_167' title='bbox 887 1395 933 1432; x_wconf 84' lang='lat' dir='ltr'><strong><em>cf.</em></strong></span> <span class='ocrx_word' id='word_1_168' title='bbox 953 1395 1063 1432; x_wconf 81' lang='lat' dir='ltr'><strong>etiam</strong></span> <span class='ocrx_word' id='word_1_169' title='bbox 1090 1409 1107 1431; x_wconf 88' lang='grc' dir='ltr'><strong><em>ε</em></strong></span> <span class='ocrx_word' id='word_1_170' title='bbox 1132 1397 1215 1433; x_wconf 88' lang='grc'>411.</span> <span class='ocrx_word' id='word_1_171' title='bbox 1243 1396 1338 1445; x_wconf 78' lang='grc' dir='ltr'><strong><em>ἀμφὶ</em></strong></span> <span class='ocrx_word' id='word_1_172' title='bbox 1365 1397 1405 1433; x_wconf 82' lang='grc' dir='ltr'><strong><em>δὲ</em></strong></span> <span class='ocrx_word' id='word_1_173' title='bbox 1431 1402 1511 1447; x_wconf 83' lang='grc' dir='ltr'><strong><em>νῆες</em></strong></span> 
     </span>
     <span class='ocr_line' id='line_1_38' title="bbox 886 1454 1510 1503; baseline 0.01 -14"><span class='ocrx_word' id='word_1_174' title='bbox 886 1454 1103 1501; x_wconf 83' lang='grc' dir='ltr'><strong><em>σμερδαλέον</em></strong></span> <span class='ocrx_word' id='word_1_175' title='bbox 1136 1455 1337 1503; x_wconf 74' lang='grc' dir='ltr'><strong><em>κονάβησαν</em></strong></span> <span class='ocrx_word' id='word_1_176' title='bbox 1369 1460 1402 1492; x_wconf 91' lang='grc' dir='ltr'><strong><em>Β</em></strong></span> <span class='ocrx_word' id='word_1_177' title='bbox 1428 1461 1510 1500; x_wconf 83' lang='grc'><strong>333,</strong></span> 
     </span>
     <span class='ocr_line' id='line_1_39' title="bbox 886 1514 1032 1549; baseline 0.014 -2"><span class='ocrx_word' id='word_1_178' title='bbox 886 1515 929 1547; x_wconf 91' lang='grc' dir='ltr'><em>Π</em></span> <span class='ocrx_word' id='word_1_179' title='bbox 949 1514 1032 1549; x_wconf 90' lang='grc'><strong>276.</strong></span> 
     </span>
    </p>

    <p class='ocr_par' dir='ltr' id='par_1_20' title="bbox 838 1570 1513 1791">
     <span class='ocr_line' id='line_1_40' title="bbox 838 1570 1511 1621; baseline 0.001 -14"><span class='ocrx_word' id='word_1_180' title='bbox 838 1574 875 1607; x_wconf 87' lang='grc' dir='ltr'><strong><em>Κ</em></strong></span> <span class='ocrx_word' id='word_1_181' title='bbox 899 1574 968 1608; x_wconf 81' lang='grc'><strong><em>257</em></strong></span> <span class='ocrx_word' id='word_1_182' title='bbox 998 1571 1094 1618; x_wconf 82' lang='grc' dir='ltr'><strong><em>ἀμφὶ</em></strong></span> <span class='ocrx_word' id='word_1_183' title='bbox 1121 1571 1161 1607; x_wconf 84' lang='grc' dir='ltr'><strong><em>δέ</em></strong></span> <span class='ocrx_word' id='word_1_184' title='bbox 1187 1570 1221 1607; x_wconf 78' lang='grc' dir='ltr'><strong><em>οὶ</em></strong></span> <span class='ocrx_word' id='word_1_185' title='bbox 1248 1572 1373 1621; x_wconf 73' lang='grc' dir='ltr'><strong><em>κυνέην</em></strong></span> <span class='ocrx_word' id='word_1_186' title='bbox 1404 1586 1511 1620; x_wconf 87' lang='grc' dir='ltr'><strong><em>κεφα-</em></strong></span> 
     </span>
     <span class='ocr_line' id='line_1_41' title="bbox 887 1628 1513 1678; baseline 0.005 -13"><span class='ocrx_word' id='word_1_187' title='bbox 887 1631 998 1678; x_wconf 78' lang='grc' dir='ltr'><strong><em>λῆφιν</em></strong></span> <span class='ocrx_word' id='word_1_188' title='bbox 1023 1628 1164 1678; x_wconf 69' lang='grc' dir='ltr'><strong><em>ἔθηκεν.</em></strong></span> <span class='ocrx_word' id='word_1_189' title='bbox 1186 1638 1228 1666; x_wconf 84' lang='grc' dir='ltr'><em>Λ</em></span> <span class='ocrx_word' id='word_1_190' title='bbox 1252 1633 1325 1668; x_wconf 88' lang='lat'><strong><em>654</em></strong></span> <span class='ocrx_word' id='word_1_191' title='bbox 1351 1631 1447 1678; x_wconf 83' lang='grc' dir='ltr'><strong><em>ἀμφὶ</em></strong></span> <span class='ocrx_word' id='word_1_192' title='bbox 1474 1631 1513 1668; x_wconf 85' lang='grc' dir='ltr'><strong><em>δέ</em></strong></span> 
     </span>
     <span class='ocr_line' id='line_1_42' title="bbox 888 1686 1513 1737; baseline 0.005 -14"><span class='ocrx_word' id='word_1_193' title='bbox 888 1686 923 1724; x_wconf 76' lang='grc' dir='ltr'><strong><em>οἳ</em></strong></span> <span class='ocrx_word' id='word_1_194' title='bbox 962 1689 1104 1736; x_wconf 80' lang='grc' dir='ltr'><strong><em>κεφαλῇ</em></strong></span> <span class='ocrx_word' id='word_1_195' title='bbox 1142 1688 1250 1736; x_wconf 85' lang='grc' dir='ltr'><strong><em>νέφος</em></strong></span> <span class='ocrx_word' id='word_1_196' title='bbox 1285 1689 1413 1737; x_wconf 81' lang='grc' dir='ltr'><strong><em>ἔστεφε</em></strong></span> <span class='ocrx_word' id='word_1_197' title='bbox 1451 1691 1513 1726; x_wconf 88' lang='grc' dir='ltr'><strong><em>δῖα</em></strong></span> 
     </span>
     <span class='ocr_line' id='line_1_43' title="bbox 887 1747 1243 1791; baseline 0.008 -9"><span class='ocrx_word' id='word_1_198' title='bbox 887 1747 1020 1791; x_wconf 76' lang='grc' dir='ltr'><strong><em>θεάων,</em></strong></span> <span class='ocrx_word' id='word_1_199' title='bbox 1048 1749 1094 1784; x_wconf 83' lang='lat' dir='ltr'><strong><em>cf.</em></strong></span> <span class='ocrx_word' id='word_1_200' title='bbox 1115 1762 1134 1783; x_wconf 87' lang='lat' dir='ltr'><em>v</em></span> <span class='ocrx_word' id='word_1_201' title='bbox 1160 1751 1243 1785; x_wconf 89' lang='lat'><strong><em>431.</em></strong></span> 
     </span>
    </p>

    <p class='ocr_par' dir='ltr' id='par_1_21' title="bbox 838 1806 1513 2380">
     <span class='ocr_line' id='line_1_44' title="bbox 838 1806 1513 1844; baseline 0.004 -3"><span class='ocrx_word' id='word_1_202' title='bbox 838 1806 1023 1842; x_wconf 81' lang='lat' dir='ltr'><strong>Homerus</strong></span> <span class='ocrx_word' id='word_1_203' title='bbox 1054 1807 1200 1842; x_wconf 87' lang='grc' dir='ltr'><strong><em>λάσκειν</em></strong></span> <span class='ocrx_word' id='word_1_204' title='bbox 1230 1807 1319 1844; x_wconf 88' lang='lat' dir='ltr'><strong>dicit</strong></span> <span class='ocrx_word' id='word_1_205' title='bbox 1354 1808 1398 1844; x_wconf 87' lang='lat' dir='ltr'><strong>de</strong></span> <span class='ocrx_word' id='word_1_206' title='bbox 1432 1821 1513 1844; x_wconf 87' lang='lat' dir='ltr'><strong>aere</strong></span> 
     </span>
     <span class='ocr_line' id='line_1_45' title="bbox 887 1865 1509 1913; baseline 0.002 -12"><span class='ocrx_word' id='word_1_207' title='bbox 887 1868 932 1901; x_wconf 78' lang='lat' dir='ltr'><strong><em>ut</em></strong></span> <span class='ocrx_word' id='word_1_208' title='bbox 963 1865 998 1901; x_wconf 89' lang='grc' dir='ltr'><em>Ξ</em></span> <span class='ocrx_word' id='word_1_209' title='bbox 1019 1868 1065 1902; x_wconf 79' lang='lat'><strong><em>25</em></strong></span> <span class='ocrx_word' id='word_1_210' title='bbox 1100 1865 1211 1900; x_wconf 87' lang='grc' dir='ltr'><strong><em>λάσκε</em></strong></span> <span class='ocrx_word' id='word_1_211' title='bbox 1245 1865 1287 1901; x_wconf 84' lang='grc' dir='ltr'><strong><em>δέ</em></strong></span> <span class='ocrx_word' id='word_1_212' title='bbox 1323 1878 1388 1913; x_wconf 89' lang='grc' dir='ltr'><strong><em>σφι</em></strong></span> <span class='ocrx_word' id='word_1_213' title='bbox 1426 1868 1509 1913; x_wconf 83' lang='grc' dir='ltr'><strong><em>περὶ</em></strong></span> 
     </span>
     <span class='ocr_line' id='line_1_46' title="bbox 885 1923 1513 1971; baseline 0.002 -12"><span class='ocrx_word' id='word_1_214' title='bbox 885 1923 967 1971; x_wconf 78' lang='grc' dir='ltr'><strong><em>χροὶ·</em></strong></span> <span class='ocrx_word' id='word_1_215' title='bbox 995 1923 1128 1968; x_wconf 82' lang='grc' dir='ltr'><strong><em>χαλκός</em></strong></span> <span class='ocrx_word' id='word_1_216' title='bbox 1161 1923 1221 1960; x_wconf 88' lang='lat' dir='ltr'><strong>vel</strong></span> <span class='ocrx_word' id='word_1_217' title='bbox 1247 1924 1291 1960; x_wconf 88' lang='lat' dir='ltr'><strong>de</strong></span> <span class='ocrx_word' id='word_1_218' title='bbox 1317 1928 1434 1968; x_wconf 79' lang='lat' dir='ltr'><strong>scuto,</strong></span> <span class='ocrx_word' id='word_1_219' title='bbox 1469 1924 1513 1960; x_wconf 87' lang='lat' dir='ltr'><strong>de</strong></span> 
     </span>
     <span class='ocr_line' id='line_1_47' title="bbox 887 1982 1510 2028; baseline -0.002 -9"><span class='ocrx_word' id='word_1_220' title='bbox 887 1982 1029 2019; x_wconf 81' lang='lat' dir='ltr'><strong>ossibus</strong></span> <span class='ocrx_word' id='word_1_221' title='bbox 1059 1982 1232 2018; x_wconf 78' lang='lat' dir='ltr'><strong>adverbio</strong></span> <span class='ocrx_word' id='word_1_222' title='bbox 1265 1994 1337 2018; x_wconf 89' lang='lat' dir='ltr'><strong>non</strong></span> <span class='ocrx_word' id='word_1_223' title='bbox 1365 1982 1510 2028; x_wconf 85' lang='lat' dir='ltr'><strong>addit0;</strong></span> 
     </span>
     <span class='ocr_line' id='line_1_48' title="bbox 887 2041 1513 2090; baseline 0.002 -13"><span class='ocrx_word' id='word_1_224' title='bbox 887 2044 1076 2090; x_wconf 76' lang='lat' dir='ltr'><strong>praeterea.</strong></span> <span class='ocrx_word' id='word_1_225' title='bbox 1118 2041 1162 2076; x_wconf 88' lang='lat' dir='ltr'><strong>de</strong></span> <span class='ocrx_word' id='word_1_226' title='bbox 1208 2043 1314 2077; x_wconf 82' lang='lat' dir='ltr'><strong>acuto</strong></span> <span class='ocrx_word' id='word_1_227' title='bbox 1357 2041 1513 2078; x_wconf 78' lang='lat' dir='ltr'><strong>clamore</strong></span> 
     </span>
     <span class='ocr_line' id='line_1_49' title="bbox 888 2099 1512 2147; baseline 0 -11"><span class='ocrx_word' id='word_1_228' title='bbox 888 2100 1074 2147; x_wconf 79' lang='lat' dir='ltr'><strong>accipitris</strong></span> <span class='ocrx_word' id='word_1_229' title='bbox 1096 2102 1132 2133; x_wconf 81' lang='lat' dir='ltr'><em>X</em></span> <span class='ocrx_word' id='word_1_230' title='bbox 1150 2101 1215 2135; x_wconf 91' lang='lat'><strong><em>141</em></strong></span> <span class='ocrx_word' id='word_1_231' title='bbox 1245 2103 1283 2135; x_wconf 88' lang='lat' dir='ltr'><strong>et</strong></span> <span class='ocrx_word' id='word_1_232' title='bbox 1300 2099 1344 2135; x_wconf 88' lang='lat' dir='ltr'><strong>de</strong></span> <span class='ocrx_word' id='word_1_233' title='bbox 1362 2100 1512 2147; x_wconf 81' lang='lat' dir='ltr'><strong>Scyllae</strong></span> 
     </span>
     <span class='ocr_line' id='line_1_50' title="bbox 887 2156 1513 2202; baseline 0.005 -10"><span class='ocrx_word' id='word_1_234' title='bbox 887 2157 1029 2193; x_wconf 79' lang='lat' dir='ltr'><strong>latratu</strong></span> <span class='ocrx_word' id='word_1_235' title='bbox 1055 2171 1080 2202; x_wconf 89' lang='grc' dir='ltr'><strong><em>μ</em></strong></span> <span class='ocrx_word' id='word_1_236' title='bbox 1109 2159 1166 2194; x_wconf 84' lang='grc'><strong><em>85.</em></strong></span> <span class='ocrx_word' id='word_1_237' title='bbox 1207 2156 1305 2193; x_wconf 89' lang='lat' dir='ltr'><strong><em>Num</em></strong></span> <span class='ocrx_word' id='word_1_238' title='bbox 1331 2158 1513 2195; x_wconf 83' lang='lat' dir='ltr'><strong>Homerus</strong></span> 
     </span>
     <span class='ocr_line' id='line_1_51' title="bbox 887 2216 1513 2265; baseline 0.002 -13"><span class='ocrx_word' id='word_1_239' title='bbox 887 2216 1009 2252; x_wconf 88' lang='lat' dir='ltr'><strong>eodem</strong></span> <span class='ocrx_word' id='word_1_240' title='bbox 1046 2216 1156 2251; x_wconf 88' lang='lat' dir='ltr'><strong>verbo</strong></span> <span class='ocrx_word' id='word_1_241' title='bbox 1199 2216 1244 2252; x_wconf 88' lang='lat' dir='ltr'><strong>de</strong></span> <span class='ocrx_word' id='word_1_242' title='bbox 1277 2216 1363 2262; x_wconf 85' lang='lat' dir='ltr'><strong>igne</strong></span> <span class='ocrx_word' id='word_1_243' title='bbox 1402 2218 1513 2265; x_wconf 87' lang='lat' dir='ltr'><strong>crepi-</strong></span> 
     </span>
     <span class='ocr_line' id='line_1_52' title="bbox 887 2275 1513 2320; baseline 0.006 -11"><span class='ocrx_word' id='word_1_244' title='bbox 887 2277 991 2310; x_wconf 82' lang='lat' dir='ltr'><strong>tante</strong></span> <span class='ocrx_word' id='word_1_245' title='bbox 1033 2287 1121 2311; x_wconf 86' lang='lat' dir='ltr'><strong>usus</strong></span> <span class='ocrx_word' id='word_1_246' title='bbox 1159 2279 1272 2320; x_wconf 81' lang='lat' dir='ltr'><strong>esset,</strong></span> <span class='ocrx_word' id='word_1_247' title='bbox 1315 2275 1351 2311; x_wconf 87' lang='lat' dir='ltr'><strong><em>in</em></strong></span> <span class='ocrx_word' id='word_1_248' title='bbox 1398 2277 1513 2313; x_wconf 84' lang='lat' dir='ltr'><strong>medio</strong></span> 
     </span>
     <span class='ocr_line' id='line_1_53' title="bbox 888 2333 1108 2380; baseline 0.009 -12"><span class='ocrx_word' id='word_1_249' title='bbox 888 2333 1108 2380; x_wconf 67' lang='lat' dir='ltr'><strong>linquamus.</strong></span> 
     </span>
    </p>

    <p class='ocr_par' dir='ltr' id='par_1_22' title="bbox 840 2391 1514 2499">
     <span class='ocr_line' id='line_1_54' title="bbox 840 2391 1514 2441; baseline -0.001 -12"><span class='ocrx_word' id='word_1_250' title='bbox 840 2392 1001 2429; x_wconf 90' lang='lat' dir='ltr'><strong>Verbum</strong></span> <span class='ocrx_word' id='word_1_251' title='bbox 1025 2391 1095 2437; x_wconf 86' lang='grc' dir='ltr'><strong><em>χέω</em></strong></span> <span class='ocrx_word' id='word_1_252' title='bbox 1122 2405 1203 2429; x_wconf 84' lang='lat' dir='ltr'><strong><em>cum</em></strong></span> <span class='ocrx_word' id='word_1_253' title='bbox 1225 2393 1399 2430; x_wconf 83' lang='lat' dir='ltr'><strong>adverbio</strong></span> <span class='ocrx_word' id='word_1_254' title='bbox 1418 2393 1514 2441; x_wconf 74' lang='grc' dir='ltr'><strong><em>ἀμφί</em></strong></span> 
     </span>
     <span class='ocr_line' id='line_1_55' title="bbox 889 2451 1513 2499; baseline 0.002 -12"><span class='ocrx_word' id='word_1_255' title='bbox 889 2451 1119 2487; x_wconf 86' lang='lat' dir='ltr'><strong>coniunctum</strong></span> <span class='ocrx_word' id='word_1_256' title='bbox 1138 2452 1284 2499; x_wconf 83' lang='lat' dir='ltr'><strong>saepius</strong></span> <span class='ocrx_word' id='word_1_257' title='bbox 1303 2452 1340 2488; x_wconf 90' lang='lat' dir='ltr'><strong><em>in</em></strong></span> <span class='ocrx_word' id='word_1_258' title='bbox 1356 2453 1513 2490; x_wconf 81' lang='lat' dir='ltr'><strong>Homero</strong></span> 
     </span>
    </p>
   </div>
  </div>
 </body>
</html>
