1801 2720
229 77 304 113 VIII

344 184 387 216 A
412 183 494 226 245,
521 184 546 227 β
572 183 619 218 80
646 180 736 217 ποτὶ
764 180 803 217 δὲ
828 184 1017 230 σκῆπτρον
1049 180 1140 226 βάλε
1165 179 1260 229 γαίῃ.
1313 180 1395 218 Aut
1418 180 1642 230 praepositio

227 249 302 275 esse
345 244 467 287 potest
505 241 550 276 cf.
571 243 612 274 X
646 242 708 283 64ν
736 239 800 275 καὶ
841 240 957 289 νήπια
1003 239 1112 277 τέκνα
1152 239 1356 285 βαλλόμενα
1395 240 1506 287 προτὶ
1557 238 1641 288 γαίῃ
1691 283 1694 286 Α

226 302 293 335 aut
319 298 533 342 adverbium
558 298 841 348 praepositionis
868 299 906 335 vi
931 299 1159 348 praeditum,
1193 298 1287 348 quod
1313 301 1464 347 propter
1489 299 1640 337 eolloca-
1711 337 1714 339 ,

226 358 361 394 tionem
387 359 539 395 voculae
573 359 664 394 ποτί
696 360 800 395 nobis
826 358 971 406 quidem
1006 359 1125 405 magis
1151 359 1346 406 probatum
1379 358 1482 394 nullo
1517 363 1641 395 tamen
1700 380 1702 383 ·

224 417 329 452 modo
366 417 490 454 tmesis
521 417 636 466 accipi
674 421 814 465 potest,
848 429 928 454 cum
962 417 1064 454 notio
1096 416 1287 466 compositi
1320 415 1426 454 verbi
1455 415 1564 465 plane
1590 415 1642 453 sit
1689 420 1691 425 '

226 477 371 514 diversa
405 481 515 525 atque
547 477 668 513 aliena
702 489 725 512 a
759 476 1028 523 significatione
1060 476 1164 512 verbi
1198 489 1279 512 cnm
1312 475 1487 511 adverbio
1513 475 1635 523 positi.

227 536 341 571 Sonat
374 536 470 572 enim
498 535 736 582 compositum
773 535 809 581 1)
835 534 942 571 mitto
968 534 1105 577 lucem,
1134 534 1309 570 collustro
1338 536 1379 568 H
1399 535 1490 576 421,
1518 547 1540 568 τ
1565 535 1639 570 433

228 592 346 640 ἠέλιος
372 593 449 629 νέον
477 593 720 641 προςέβαλλεν
752 593 914 640 ἀρούρας.
953 592 1115 630 Medium
1140 593 1269 630 transl.
1297 592 1443 639 attingo
1473 591 1635 636 „treffe“‚

227 652 368 699 castigo
395 654 427 687 E
452 655 534 690 879.
1610 692 1612 694 ,

266 728 269 731 ⁴
346 712 379 745 Ω
404 714 475 749 467
504 711 626 748 λίσσεο
653 712 716 748 καὶ
743 712 876 757 τέκεος,
904 712 964 747 ἵνα
989 709 1024 747 οἱ
1052 712 1116 747 σὺν
1140 712 1259 757 θυμὸν
1286 710 1415 760 ὀρίνῃς.
1452 711 1532 748 Hoc
1557 711 1637 749 loco

222 773 373 818 propter
398 771 680 818 significationis
707 770 1045 807 dissimilitudinem
1070 770 1152 807 fieri
1177 783 1249 807 non
1273 774 1416 818 potest,
1444 773 1488 807 ut
1512 769 1638 808 tmesis

225 833 432 876 statuatur,
460 842 615 878 namque
642 843 725 866 cum
751 830 989 877 compositum
1025 830 1069 866 de
1096 829 1257 877 corporis
1281 832 1383 865 motu
1408 828 1460 866 sit
1485 829 1635 874 dictum,

222 887 267 923 cf.
295 890 330 923 A
354 891 425 925 332
461 889 554 925 ἀλλὰ
590 889 668 926 νέον
709 889 974 936 συνορινόμεναι
1009 888 1150 925 κίνυντο
1185 889 1367 936 φάλαγγες
1407 889 1540 937 Τρώων
1558 916 1565 924 .
1587 917 1594 925 .
1618 917 1637 932 .,

221 946 299 982 loco
335 947 520 995 adscripto
554 948 650 984 illud
681 948 745 983 σύν
763 977 770 984 .
791 975 799 983 .
820 975 827 983 .
864 947 985 996 ὀρίνῃς
1020 948 1064 984 de
1098 948 1210 984 animi
1241 948 1478 984 commotione
1503 950 1560 984 est
1585 948 1639 983 in·

222 1005 481 1052 tellegendum.
509 1006 566 1043 Ac
592 1011 785 1054 praeterea
809 1007 849 1042 in
875 1006 1181 1053 significationem
1207 1006 1310 1042 verbi
1345 1006 1383 1041 in
1411 1006 1516 1042 tmesi
1545 1017 1637 1053 quae

224 1063 359 1100 dicitur
384 1065 496 1111 positi
527 1066 636 1112 plane
669 1066 768 1101 cadit
799 1065 1021 1111 significatio
1053 1065 1155 1101 verbi
1186 1064 1376 1111 simplicis,
1416 1064 1461 1100 cf.
1490 1065 1527 1097 A
1549 1065 1633 1108 208,

225 1122 246 1156 δ
273 1124 355 1166 366,
384 1136 403 1158 ο
430 1125 513 1165 486,
542 1124 577 1159 Ξ
597 1125 680 1166 459,
710 1138 729 1171 ρ
758 1126 838 1166 150,
866 1138 894 1158 ω
921 1126 1003 1166 318,
1032 1136 1110 1159 cum
1139 1136 1160 1159 a
1186 1122 1375 1170 compositi
1401 1122 1549 1158 notione
1575 1122 1636 1158 ab·

220 1180 368 1215 horrere
394 1181 583 1226 videatur3
612 1181 776 1227 equidem
803 1181 957 1228 simplex
982 1181 1085 1216 nullo
1112 1181 1189 1216 loco
1216 1180 1340 1216 eadem
1366 1180 1635 1226 significatione

221 1238 381 1284 positum
401 1238 506 1275 video
526 1251 597 1286 qua
616 1239 864 1286 compositum.
885 1260 931 1265 —
951 1253 979 1274 ω
1003 1241 1075 1276 498
1102 1239 1139 1274 ἐν
1165 1233 1194 1273 δ’
1212 1237 1282 1285 ἄρα
1307 1237 1480 1286 Λαέρτης
1503 1237 1637 1280 Δολίος

220 1291 250 1331 τ’
268 1296 306 1338 ἐς
331 1294 438 1341 τεύχε’
455 1296 586 1335 ἔδυνον.
619 1297 710 1334 Alia
736 1304 791 1335 est
822 1298 925 1335 verbi
951 1297 1140 1346 compositi
1167 1297 1408 1341 constructio,
1440 1297 1535 1345 quod
1561 1297 1633 1334 nisi

221 1356 431 1391 accusativo
458 1357 527 1392 soli
553 1357 769 1393 adiunctum
792 1369 971 1404 nusquam
987 1356 1144 1403 legitur3
1172 1359 1212 1392 at
1238 1355 1410 1392 similiter
1427 1361 1537 1403 atque
1555 1357 1635 1392 loco

219 1412 405 1461 adscripto
430 1414 620 1451 invenitur
649 1414 802 1462 simplex
828 1426 909 1449 cum
933 1412 1267 1461 praepositionibus
1293 1413 1526 1450 coniunctum
1543 1414 1635 1450 locis

220 1471 294 1507 his:
320 1486 342 1515 χ
359 1475 428 1509 201
458 1476 510 1507 τὼ
529 1470 560 1508 δ’
575 1474 612 1515 ἐς
637 1473 764 1517 τεύχεα
781 1473 894 1518 δύντε,
928 1475 963 1507 Ψ
980 1475 1047 1509 131
1076 1472 1114 1507 ἐν
1131 1472 1312 1516 τεύχεσσιν
1337 1471 1467 1516 ἔδυνον,
1496 1475 1532 1506 Κ
1549 1475 1633 1509 254.

219 1532 255 1564 Δ
278 1533 350 1567 222
376 1530 411 1567 οὶ
438 1527 471 1566 δ’
489 1529 594 1572 αὖτις
619 1532 714 1566 κατὰ
739 1527 847 1575 τεύχε’
871 1529 961 1566 ἔδυν.

336 1591 369 1626 Ξ
392 1593 464 1627 449
491 1592 543 1636 τῷ
569 1586 600 1625 δ’
616 1589 683 1625 ἐπὶ
707 1589 950 1634 Πουλυδάμας
975 1588 1200 1634 ἐγχέσπαλος
1226 1587 1337 1636 ἦλθεν
1363 1588 1538 1636 ἀμύντωρ.
1579 1589 1634 1625 De

218 1649 325 1684 tmesi
360 1648 517 1695 cogitari
544 1661 614 1684 non
642 1652 779 1696 potest3
812 1659 990 1695 nusquam
1023 1647 1119 1682 enim
1150 1647 1388 1695 compositum
1420 1646 1547 1683 dativo
1573 1647 1633 1683 ad-

217 1707 383 1743 iunctum
410 1708 484 1743 vim
515 1708 641 1744 habet:
676 1721 779 1755 opem
811 1708 924 1744 alicui
954 1708 1066 1749 ferre,
1100 1707 1164 1743 sed
1196 1710 1262 1742 aut
1298 1708 1554 1754 „supervenio“
1591 1713 1634 1744 ut

224 1768 255 1799 Y
277 1768 335 1809 91,
372 1770 419 1801 M
442 1771 523 1810 200,
558 1770 639 1811 218,
678 1769 710 1803 Θ
735 1770 818 1812 488,
853 1768 898 1804 cf.
919 1770 940 1802 I
961 1769 1044 1808 474,
1078 1767 1098 1802 λ
1125 1769 1205 1810 200,
1238 1780 1264 1811 μ
1291 1768 1374 1809 311,
1407 1780 1423 1802 ε
1448 1768 1531 1806 472.
1567 1770 1634 1803 aut

222 1826 477 1872 „aggredior“,
503 1831 547 1863 ut
573 1830 609 1862 K
634 1830 717 1870 485,
745 1828 790 1864 cf.
811 1828 842 1863 Ο
861 1830 942 1864 630.
976 1826 1161 1874 Simplicis
1183 1838 1268 1861 vero
1294 1825 1396 1861 notio
1422 1826 1546 1861 eadem
1572 1826 1633 1862 da-

216 1883 296 1919 tivo
327 1885 396 1919 soli
428 1885 592 1921 adiuncti
625 1886 799 1932 exemplis
830 1889 890 1921 sat
915 1885 1043 1921 multis
1074 1887 1196 1931 potest
1222 1883 1464 1931 comprobari:
1505 1886 1537 1918 Σ
1560 1886 1628 1921 381

216 1939 249 1976 οἱ
275 1941 427 1988 ἔγγυθεν
452 1943 544 1991 ἦλθε
570 1943 696 1986 Θέτις,
723 1944 769 1980 cf.
790 1946 903 1987 216,
941 1946 973 1978 Y
1000 1945 1093 1985 330,
1125 1945 1155 1977 θ
1184 1944 1251 1986 62,
1284 1944 1374 1984 261,
1408 1944 1499 1986 471,
1532 1956 1552 1987 ρ
1574 1945 1630 1985 71,

217 2001 250 2033 E
265 2002 348 2036 275.

335 2058 461 2107 Neque
498 2059 683 2096 meliorem
714 2071 875 2096 causamv
895 2059 1007 2095 habet
1037 2058 1163 2095 tmesis
1211 2061 1245 2093 Φ
1270 2061 1342 2096 374
1360 2074 1399 2091 z
1424 2061 1456 2094 Y
1485 2061 1556 2096 315
1582 2059 1632 2108 μή

217 2113 302 2152 ποτ’
319 2118 384 2154 ἐπὶ
409 2119 592 2164 Τρώεσσιν
610 2117 793 2165 ἀλεξήσειν
816 2118 928 2154 κακὸν
954 2117 1058 2165 ἦμαρ.
1085 2117 1260 2163 Legimus
1278 2117 1373 2153 enim
1391 2119 1628 2166 compositum

215 2176 366 2212 verbum
392 2177 533 2214 duobus
558 2177 667 2213 locis:
700 2178 732 2211 Θ
749 2178 823 2213 365
849 2178 900 2223 τῷ
927 2175 1218 2224 ἐπαλεξήσουσαν
1243 2179 1281 2212 et
1306 2179 1349 2211 A
1364 2178 1435 2213 428
1450 2178 1513 2224 τῷ
1538 2177 1629 2214 ἐπα-

215 2234 371 2283 λεξήσων
396 2236 624 2283 significans:
653 2248 756 2284 opem
773 2235 881 2277 ferre,
909 2248 990 2271 cum
1012 2234 1052 2271 in
1069 2235 1177 2271 tmesi
1195 2246 1287 2283 quae
1314 2235 1452 2272 dicitur
1468 2236 1629 2283 positum

216 2300 339 2330 sonet:
376 2295 591 2342 propulsare
623 2294 765 2342 aliquid
800 2295 845 2330 ab
881 2294 1016 2342 aliquo.
1069 2294 1208 2330 Contra
1240 2294 1450 2341 saepissime
1483 2295 1630 2331 notione

216 2353 341 2388 eadem
367 2353 524 2399 legimus
551 2353 723 2400 simplex,
757 2356 800 2388 ut
826 2365 848 2387 κ
874 2355 945 2389 288
973 2365 1028 2387 τοι
1055 2352 1189 2399 κρατὸς
1214 2353 1325 2387 κακὸν
1351 2351 1464 2400 ἦμαρ,
1501 2356 1523 2387 Ι
1545 2355 1627 2398 374,

216 2413 288 2448 674
315 2411 455 2460 νήεσσιν
487 2415 572 2459 πῦρ,
601 2414 623 2445 Ι
645 2413 712 2448 251
744 2412 944 2446 Δαναοῖσιν
969 2411 1080 2446 κακὸν
1107 2409 1212 2459 ἦμαρ,
1244 2411 1290 2446 cf.
1312 2413 1344 2445 P
1364 2413 1447 2455 365,
1484 2413 1519 2446 Φ
1547 2412 1628 2455 138,

216 2471 308 2516 250;
336 2484 355 2516 γ
383 2472 465 2516 237,
492 2484 511 2505 ν
537 2472 619 2515 319,
650 2473 682 2505 P
706 2472 786 2512 153,
820 2474 854 2505 T
877 2472 933 2513 30,
963 2469 984 2504 δ
1012 2472 1092 2516 167.
