1801 2776
210 78 286 109 xlv

211 180 387 228 simplicis
412 180 540 227 genita
565 192 607 216 ac
634 181 735 216 facta
761 180 857 221 sint,
890 181 1019 228 utique
1054 192 1140 216 sane
1175 181 1228 216 rei
1264 185 1419 218 naturae
1445 182 1628 225 convenit,

210 252 303 288 quae
328 244 463 278 natura
488 243 599 289 atque
625 240 722 277 ratio
749 240 884 278 inesset
910 239 950 276 in
975 240 1157 289 partibus,
1185 240 1334 278 eandem
1361 240 1397 280 in
1418 240 1628 289 compositis

211 299 426 346 quibusdam
453 299 585 339 verbis,
621 302 665 335 ut
690 299 782 335 tulit
807 298 981 345 loquendi
1008 311 1106 341 usus,
1135 298 1317 335 asservari
1343 302 1381 335 et
1406 299 1557 345 referri3
1584 311 1628 338 aa

210 357 368 393 fortasse
386 369 463 393 eam
481 357 642 394 notionis
660 357 1013 405 constructionisque
1030 358 1308 405 congruentiam
1325 358 1437 395 etiam
1454 358 1626 406 pluribus

210 416 300 452 locis
326 429 511 464 possemus
537 416 712 464 exemplis
738 417 911 464 probare,
938 416 969 452 si
995 420 1113 453 totam
1140 418 1334 453 verborum
1360 416 1625 465 supellectilem

211 475 331 511 Iliade
357 479 394 511 et
420 476 585 523 Odyssea
610 480 795 512 servatam
821 477 1044 512 haberemus.
1075 476 1180 521 Quod
1199 489 1285 512 vero
1312 476 1478 513 omnibus
1502 476 1627 512 huius·

212 533 311 569 modi
337 534 427 570 locis
454 555 501 560 —-
528 534 607 572 dico
627 534 684 575 iis,
713 534 846 582 quibus
871 535 969 571 inter
987 536 1139 572 verbum
1158 534 1397 583 compositum
1415 538 1453 571 et
1470 534 1625 583 simplex

211 605 292 628 cum
324 593 497 629 adverbio
531 593 692 640 positum
727 593 870 630 nullum
905 597 986 629 erat
1019 593 1213 630 discrimen
1239 615 1286 620 -
1312 606 1384 629 non
1417 593 1544 630 tmesis
1570 598 1627 630 est

211 651 432 699 accipienda,
460 652 521 687 sed
549 652 725 688 adverbia
751 652 911 688 nondum
938 665 1020 688 cum
1045 652 1167 689 verbis
1193 652 1402 700 composita,
1430 664 1476 689 ex
1493 664 1625 699 magno

211 722 335 746 eorum
361 710 523 746 locorum
548 722 697 746 numero
724 710 924 747 certissime
941 715 1106 759 apparet,
1134 711 1271 747 collata
1298 710 1336 747 in
1364 710 1432 747 hac
1449 723 1488 747 re
1505 710 1625 747 Iliade

212 772 249 804 et
276 768 442 817 Odyssea
468 781 549 805 cum
575 769 705 805 ceteris
732 769 954 806 carminibus
981 769 1103 818 epicis.

329 827 551 865 Huiusmodi
581 827 672 864 locis
697 828 760 875 qui
786 831 971 876 tamquam
999 828 1037 864 in
1064 828 1180 865 medio
1208 831 1294 864 sunt
1319 827 1416 864 inter
1450 827 1627 864 adverbia

210 890 248 923 et
273 886 570 934 praepositiones,
599 887 869 924 recentissimus
887 888 1036 935 quidam
1053 888 1202 935 linguae
1220 891 1340 924 status
1358 891 1443 924 ante
1461 887 1623 935 partium

210 945 502 981 coniunctionem
529 950 711 982 servatur.
741 946 896 982 Talibus
923 947 1012 983 loeis
1038 959 1082 983 ne
1108 950 1187 982 tum
1209 946 1357 994 quidem
1382 946 1426 982 de
1443 946 1550 982 tmesi
1567 950 1624 982 est'

210 1003 457 1050 cogitandum,
486 1017 567 1041 cum
594 1008 789 1041 attenuata
815 1009 924 1053 atque
951 1005 1139 1042 infirmata
1164 1004 1325 1053 pristina
1350 1017 1392 1041 ac
1409 1004 1559 1052 propria
1585 1004 1624 1040 vi

210 1063 425 1098 adverbium
452 1063 490 1098 in
516 1064 798 1110 praepositionis
824 1077 928 1100 usum
955 1064 1132 1100 transisse
1160 1064 1319 1100 videtur.
1347 1063 1492 1104 Restat.
1518 1067 1563 1099 ut
1580 1063 1624 1099 de

209 1120 256 1157 iis
281 1121 372 1157 locis
386 1133 503 1169 pauca
520 1122 706 1164 addamus,
735 1121 799 1169 qui
816 1122 884 1158 hoc
901 1122 1109 1158 habuerunt
1126 1122 1315 1170 proprium
1332 1125 1443 1169 atque
1460 1133 1624 1165 comune,

209 1179 270 1226 (cf.
290 1194 324 1228 p.
344 1184 366 1216 5
405 1194 520 1228 usque
558 1182 606 1217 ad
643 1195 677 1229 p.
699 1182 736 1228 9)
776 1186 819 1219 ut
852 1182 950 1218 inter
985 1183 1137 1218 verbum
1172 1183 1326 1230 simplex
1360 1196 1440 1219 cum
1475 1194 1623 1230 praepo-

210 1239 342 1275 sitione
369 1239 601 1276 coniunctum
627 1244 665 1276 et
691 1240 786 1277 idem
812 1242 964 1277 verbum
992 1241 1030 1276 in
1056 1241 1162 1277 tmesi
1183 1253 1276 1289 quae
1302 1241 1438 1277 dicitur
1464 1242 1623 1289 positum

209 1300 325 1337 maior
360 1300 563 1337 similitudo
597 1301 758 1338 notionis
792 1306 829 1339 et
864 1301 1060 1338 locutionis
1089 1304 1185 1338 esset
1210 1313 1318 1348 quam
1348 1300 1446 1337 inter
1472 1302 1622 1337 verbum

210 1359 449 1406 compositum
477 1362 513 1394 et
538 1359 634 1395 idem
661 1361 810 1398 verbum
837 1360 876 1394 in
902 1360 1007 1396 tmesi
1035 1373 1143 1407 quam
1169 1360 1297 1396 dicunt
1316 1360 1487 1407 positum.
1516 1359 1623 1404 Quod

208 1417 267 1453 his
293 1418 383 1454 locis
409 1430 480 1454 non
518 1417 562 1454 de
597 1417 927 1466 praepositionibus
962 1417 1226 1465 cogitavimus,
1262 1418 1324 1454 sed
1361 1418 1404 1454 de
1438 1417 1624 1454 adverbiis

209 1477 521 1523 praepositionum
547 1477 586 1511 vi
612 1477 791 1524 praeditis
818 1482 856 1512 et
881 1477 1121 1512 collocatione
1147 1477 1277 1512 harum
1295 1477 1510 1512 vocularum
1528 1481 1565 1512 et
1582 1476 1622 1511 vi

209 1535 366 1581 quadam
392 1547 517 1570 sumus
543 1534 703 1578 adducti,
733 1547 842 1581 quam
868 1534 976 1570 facile
1003 1535 1118 1570 sentit
1143 1534 1257 1571 lector
1283 1535 1448 1581 quisque.

324 1593 524 1629 Veniamus
548 1605 645 1629 nunc
672 1593 718 1628 ad
744 1592 894 1629 tertiam
912 1593 1211 1640 quaestiunculae
1237 1597 1388 1640 partem,
1418 1605 1490 1640 qua
1515 1592 1620 1629 nobis

208 1665 381 1700 quaerere
400 1652 664 1700 proposuimus,
702 1655 824 1687 utrum
852 1652 890 1687 in
917 1651 1048 1687 ceteris
1076 1651 1295 1687 carminibus
1322 1651 1442 1699 epicis,
1476 1651 1555 1687 dico
1582 1650 1622 1686 in

208 1711 446 1758 poematibus,
472 1723 565 1758 quae
585 1710 739 1746 Hesiodi
765 1710 908 1746 nomine
934 1710 1107 1746 feruntur
1134 1715 1171 1746 et
1195 1710 1234 1746 in
1253 1710 1400 1757 hymnis
1418 1709 1622 1747 Homericis

208 1771 254 1807 iis
280 1770 380 1815 locis,
409 1770 542 1818 quibus
568 1769 744 1806 adverbia
771 1773 808 1806 et
835 1770 947 1806 verba
973 1770 1135 1806 seiuncte
1153 1773 1240 1806 sunt
1257 1769 1388 1817 posita,
1417 1769 1504 1805 haec
1523 1768 1620 1805 ratio

208 1829 351 1865 dicendi
378 1842 421 1865 ex
446 1828 572 1865 vivido
598 1829 704 1874 vulgi
730 1841 800 1863 usu
826 1829 876 1864 sit
903 1828 1116 1875 deprompta
1142 1839 1188 1863 an
1215 1827 1338 1874 potius
1364 1827 1411 1862 ad
1437 1826 1622 1874 exemplar

208 1888 358 1925 Homeri
395 1888 540 1924 reddita
566 1900 642 1924 esse
669 1887 850 1924 videatur.
904 1887 1009 1931 Quod
1043 1887 1109 1922 hoc
1134 1886 1239 1922 modo
1274 1885 1468 1930 faciemus,
1505 1889 1549 1922 ut
1582 1885 1620 1921 in

208 1947 365 1994 singulis
383 1946 569 1983 adverbiis
587 1946 797 1982 litterarum
816 1946 941 1982 ordine
967 1959 1037 1993 quo
1063 1946 1211 1982 facilius
1230 1967 1275 1971 —
1294 1945 1332 1981 id
1359 1945 1455 1992 quod
1481 1957 1623 1992 quoque

207 2009 285 2044 loco
324 2007 375 2043 sit
400 2006 562 2043 notabile
589 2005 717 2042 lectori
744 2009 912 2041 occurrat
945 2027 991 2031 —-
1019 2009 1086 2041 aut
1112 2005 1248 2041 similes
1285 2005 1384 2040 locos
1415 2003 1547 2041 Iliadis
1584 2007 1622 2041 et

207 2066 393 2114 Odysseae
419 2065 602 2102 similibus
628 2068 830 2100 ceterorum
857 2064 1056 2100 carminum
1083 2063 1265 2111 epicorum
1291 2075 1525 2110 opponamus,
1553 2066 1620 2099 aut

208 2137 301 2172 quae
328 2125 374 2160 ad
401 2137 476 2160 rem
502 2123 765 2159 illustrandam
793 2125 902 2158 erunt
927 2122 1089 2163 dicenda,
1118 2122 1291 2158 dicamus.

322 2184 476 2220 Secutus
502 2196 582 2219 sum
608 2183 646 2218 in
673 2181 849 2230 exemplis
874 2181 1102 2229 proferendis
1125 2185 1163 2218 et
1179 2181 1427 2217 adscribendis
1444 2181 1483 2217 in
1501 2179 1620 2217 Iliade

206 2242 401 2279 editionem
428 2243 475 2278 A.
495 2241 718 2283 Rzaohii,
746 2241 783 2276 in
804 2239 967 2288 Odyssea
986 2240 1181 2276 editionem
1200 2240 1389 2283 Caueri,
1416 2239 1453 2275 in
1473 2239 1621 2287 hymnis

205 2301 408 2337 Homericis
423 2301 477 2337 ed.
487 2301 530 2337 E.
542 2301 671 2343 Abel,
692 2300 730 2335 in
749 2299 970 2336 carminibus
986 2299 1137 2335 Hesiodi
1153 2299 1348 2335 editionem
1366 2299 1414 2335 A.
1425 2298 1619 2335 Rzachii.

205 2360 401 2395 Praeterea
436 2371 557 2394 omnes
591 2358 705 2397 locos,
735 2357 797 2405 qui
823 2357 869 2393 ad
896 2357 1026 2393 tmesin
1055 2369 1162 2404 quam
1190 2357 1316 2393 dicunt
1342 2357 1546 2404 pertinent,
1582 2356 1620 2392 in

206 2430 315 2454 carm.
334 2418 486 2454 Hesiodi
526 2418 603 2465 ipse
638 2416 786 2464 collegi,
822 2416 860 2452 in
895 2417 1024 2453 ceteris
1059 2417 1286 2464 poematibus
1324 2428 1384 2452 eos
1424 2428 1467 2452 ex
1505 2415 1621 2452 lexico

206 2477 269 2512 Eb
280 2477 372 2513 elin
386 2476 456 2523 gii
482 2476 697 2524 deprompsi.
