1801 2776
136 425 222 492 De
264 424 465 491 tmesi
510 443 679 502 quae
723 422 928 501 vulgo
955 392 1206 488 'dieitur
1240 427 1310 489 in
1347 422 1541 489 Iliade

483 533 551 596 et
585 527 879 608 Odyssea
913 527 1192 597 Homeri.

246 703 332 739 Non
355 715 454 739 eram
479 702 638 746 nescius,
667 714 747 737 cum
773 701 820 738 ad
844 701 938 738 hanc
967 701 1283 749 quaestiunculam
1314 703 1539 740 scribendam
1609 706 1611 708 ’

133 763 352 805 accederem,
388 762 579 809 plerosque
603 761 703 797 viros
729 760 853 797 doctos
879 760 984 796 hodie
1009 760 1054 796 de
1078 761 1186 797 tmesi
1212 773 1305 808 quae
1342 761 1478 798 dicitur
1501 762 1541 798 in

123 822 256 868 ,eadem
280 832 418 856 mecum
444 830 522 855 esse
547 818 739 854 sententia.
766 818 866 855 Satis
883 818 934 854 sit
949 818 1009 853 hic
1026 830 1149 854 eorum
1168 818 1387 855 mentionem
1403 819 1533 862 facere,

132 892 224 928 quae
259 880 302 916 de
328 891 370 916 ea
396 891 435 915 re
459 879 499 915 in
523 878 750 927 praefatione
775 878 906 914 Iliadis
939 890 962 915 a
988 877 1128 914 Cauero
1156 878 1277 916 editae
1301 880 1534 928 paragrapho

120 938 286 987 septima
311 938 478 985 exposita
502 941 599 974 sunt.
627 938 683 974 At
709 941 831 974 tamen
858 940 955 980 sunt,
983 937 1114 984 quibus
1139 937 1230 974 haec.
1245 950 1267 973 a
1285 938 1535 984 grammaticis

132 997 282 1034 Graecis
307 998 472 1045 profecta
495 996 592 1033 ratio
609 995 864 1043 explicationis
889 1008 954 1043 per
978 995 1111 1033 tmesin
1137 995 1249 1033 etiam
1265 1010 1361 1033 nunc
1379 997 1532 1045 placeat,

131 1059 314 1106 putantes,
350 1055 491 1091 factum
524 1067 618 1097 esse,
654 1057 698 1090 ut
723 1054 913 1097 adverbia,
951 1067 1043 1102 quae
1075 1055 1148 1091 iam
1189 1056 1408 1092 coaluissent
1458 1069 1538 1092 cum

131 1115 242 1150 verbo
268 1117 378 1161 atque
409 1125 521 1149 unum
545 1116 732 1160 tamquam
767 1125 849 1149 cum
874 1125 915 1149 eo
940 1117 1060 1150 essent
1086 1125 1234 1161 corpus,
1270 1118 1381 1162 prout
1410 1117 1539 1161 poetae

89 1208 91 1210 ,
130 1173 283 1217 luberet,
310 1173 444 1209 iterum
470 1173 515 1209 ab
541 1184 581 1208 eo
607 1171 904 1208 dissolverentur.
945 1172 1050 1208 Hanc
1069 1172 1325 1220 explicationis
1357 1173 1538 1210 rationem

131 1245 175 1268 ex
199 1232 462 1282 recentioribus
487 1230 654 1278 inprimis
680 1230 720 1266 C.
740 1230 788 1267 A.
806 1230 844 1266 J.
864 1230 1101 1267 Hoffmann
1128 1231 1317 1279 amplexus
1344 1236 1400 1268 est
1416 1232 1539 1268 tribus

131 1291 419 1340 quaestiunculis
445 1290 506 1338 (cf.
533 1290 603 1327 Die
632 1290 772 1327 Tmesis
789 1291 829 1326 in
847 1290 911 1327 der
926 1291 1029 1329 Ilias.
1059 1294 1176 1328 1.-3.
1203 1290 1362 1339 Abthlg.
1386 1290 1538 1340 Gymn.·

131 1351 273 1398 Progr„
298 1350 499 1397 Liineburg
526 1352 632 1395 1858,
659 1351 718 1396 59,
746 1352 818 1396 60),
846 1363 890 1386 ex
917 1350 1049 1397 quibus
1074 1351 1252 1387 nonnulla
1279 1363 1358 1386 cum
1383 1350 1422 1386 in
1439 1351 1536 1387 alios

131 1409 246 1445 libros
279 1413 360 1446 tum
393 1409 432 1444 in
467 1408 751 1457 copiosissimum
785 1409 880 1445 illud
908 1409 1050 1445 lexicon
1084 1409 1318 1445 Homericum
1345 1409 1537 1457 Ebelingii

129 1468 333 1511 fluxerunt,
360 1468 424 1503 ubi
449 1467 488 1503 in
513 1468 644 1503 vocula
670 1465 767 1514 ἀμφί
791 1467 879 1503 haec
905 1479 1012 1515 quam
1036 1468 1176 1515 protuli
1208 1468 1335 1504 tmesis
1367 1468 1536 1505 definitio

130 1526 279 1572 legitur.
308 1525 547 1569 Quamobrem
573 1526 676 1562 nobis
701 1538 774 1562 non
799 1538 1106 1573 supervacaneum
1132 1538 1208 1562 esse
1233 1526 1450 1569 videbatur,
1490 1527 1537 1562 de

129 1584 198 1621 hac
231 1597 270 1621 re
296 1584 506 1632 quaestione
540 1584 657 1621 denuo
685 1584 858 1621 instituta
884 1585 1019 1621 clarius
1045 1588 1155 1632 atque
1182 1584 1339 1628 certius,
1379 1586 1410 1621 si
1435 1589 1536 1633 pote-

129 1643 261 1688 rimus,
300 1643 546 1680 demonstrare
560 1671 569 1688 ‚
605 1643 755 1680 voculas
787 1643 873 1680 illas
915 1644 1035 1680 verbis
1070 1643 1236 1689 additas,
1273 1644 1313 1679 in
1343 1643 1460 1681 Iliade
1499 1648 1536 1680 et

130 1702 295 1751 Odyssea
319 1715 359 1739 re
383 1715 472 1739 vera
497 1715 573 1739 esse
599 1702 772 1739 adverbia
798 1715 947 1751 eamque
973 1702 1269 1739 consuetudinem
1294 1703 1437 1739 dicendi
1462 1716 1535 1739 non

129 1761 168 1797 in
201 1765 330 1809 poetae
363 1761 513 1798 licentia
545 1762 607 1798 sed
641 1762 679 1797 in
715 1762 841 1797 vivido
877 1762 983 1808 vulgi
1009 1775 1078 1797 usu
1104 1774 1181 1798 esse
1205 1762 1374 1809 positam.
1420 1762 1535 1799 Cuius

130 1820 184 1857 rei
220 1820 536 1869 quaestiunculam
569 1820 637 1857 hoc
675 1820 780 1857 modo
805 1820 1000 1857 instituere
1026 1820 1267 1865 decrevimus,
1302 1824 1345 1857 ut
1376 1820 1534 1869 primum

129 1892 205 1915 rem
230 1880 416 1922 universe,
444 1879 511 1915 hoc
536 1883 611 1924 est,
640 1892 684 1916 ex
708 1880 824 1916 variis
849 1880 1017 1927 partibus
1042 1883 1356 1927 pez-tentaremus,
1384 1885 1463 1916 tum
1491 1893 1535 1916 ex

129 1938 271 1975 ratione
305 1938 544 1985 grammatica
579 1942 688 1986 atque
721 1938 988 1986 significatione
1022 1939 1282 1975 vocabulorum
1308 1939 1347 1975 in
1375 1951 1455 1975 eam
1481 1939 1535 1974 in-

128 1997 362 2045 quireremus,
388 1997 541 2045 denique
567 1997 844 2043 ostenderemus,
872 2009 963 2045 quae
988 1997 1083 2034 ratio
1109 1997 1235 2033 tmesis
1261 1997 1360 2033 inter
1377 1997 1532 2034 Iliadem

129 2055 400 2104 Odysseamque
426 2059 463 2093 et
488 2062 604 2093 cetera
630 2056 788 2092 carmina
813 2056 915 2103 epica
939 2056 1189 2091 intercederet.

246 2115 303 2151 Ac
328 2114 487 2162 primum
511 2127 584 2150 non
608 2114 743 2150 nemini
769 2114 962 2162 diremptio
988 2113 1270 2161 praepositionis
1301 2125 1359 2149 res
1386 2113 1431 2149 ad
1458 2114 1533 2150 vim

129 2172 286 2209 orationi
311 2173 532 2209 afferendam
554 2176 667 2220 atque
692 2172 856 2219 vigorem
882 2172 1143 2208 efficacissima
1167 2184 1244 2208 esse
1268 2171 1461 2215 videatur,
1488 2177 1535 2209 ut

128 2231 204 2268 fere
229 2230 290 2268 W.
309 2231 556 2268 Piersonem
588 2231 631 2268 de
656 2244 698 2269 ea
724 2245 763 2268 re
788 2232 952 2268 iudicare
977 2231 1151 2268 videmus.
1206 2231 1356 2277 Confer,
1384 2245 1476 2280 quae
1501 2233 1534 2269 is

127 2291 172 2328 de
196 2291 322 2329 tmesis
357 2304 426 2329 usu
453 2291 552 2340 apud
575 2294 702 2340 poetas
727 2291 875 2340 lyricos,
904 2292 1094 2339 elegiacos,
1122 2291 1285 2339 tragicos
1303 2293 1474 2340 exposuit
1494 2293 1533 2329 in

127 2363 218 2388 mus.
244 2350 361 2389 Rhen.
392 2353 495 2394 1857,
522 2364 558 2399 p.
577 2353 625 2389 90
651 2363 738 2399 sqq.,
767 2352 839 2388 260
865 2363 932 2399 qq.,
961 2353 1031 2388 379
1057 2363 1134 2399 sqq.
1171 2349 1380 2395 Quaeritur,
1408 2354 1534 2388 utrum

126 2409 308 2448 Homerus
332 2410 414 2459 pari
440 2410 545 2447 modo
570 2411 678 2447 tmesi
703 2410 754 2447 sit
777 2424 866 2448 usus
882 2423 1003 2447 necne.
1030 2409 1092 2446 Ad
1116 2423 1224 2458 quam
1242 2423 1321 2447 rem
1342 2410 1534 2447 illustran-

129 2464 212 2504 dam
236 2481 454 2517 quamquam
479 2469 663 2517 permulta
688 2473 842 2517 possunt
867 2470 1031 2518 exempla
1060 2469 1205 2512 afferri,
1248 2482 1291 2505 ex
1327 2469 1457 2517 quibus
1482 2470 1531 2513 id,

1380 2540 1395 2572 1
